2984 4256
379 381 538 430 Lamentatio
555 380 671 436 ecclesie.
968 379 989 442 5

63 567 177 631 oculos
216 567 310 648 ponit
369 565 448 630 Vale
480 566 515 629 in
549 564 676 630 Christo
710 566 826 632 Lector
859 569 891 630 et
928 586 988 650 pro

63 685 201 750 ecclesia
223 704 345 768 sponsa
368 685 423 749 illa
440 683 559 750 Christi
576 688 627 750 tot
644 685 751 748 modis
767 704 857 752 nunc
872 685 990 752 misere

63 804 197 869 adflicta
225 803 329 869 Deum
359 804 531 868 nobiscum
555 805 685 870 assidue
707 823 765 869 ora
788 823 854 888 quo
877 807 990 886 erepta

63 924 218 1005 luporum
241 923 390 988 faucibus
411 923 519 987 valeat
541 942 664 1005 sponso
681 942 741 990 suo
762 921 892 990 Christo
914 941 990 990 cum

26 1062 37 1098 ι
63 1042 156 1106 omni
177 1061 259 1124 pace
281 1045 314 1106 et
335 1042 571 1124 tranquillitate
593 1043 715 1107 seruire
753 1042 870 1106 Amen.

37 1400 98 1486 m
112 1399 368 1484 monciacum
376 1333 640 1484 Vormordum
652 1399 1014 1483 Ametelredamunr

74 1571 144 1615 non
166 1551 277 1616 infime
300 1552 412 1616 classis
430 1552 644 1632 Theologum‚
668 1571 818 1615 necnon
840 1552 874 1614 in
891 1551 977 1615 Vrbe

96 1670 323 1752 Mallmogensi
350 1671 616 1736 concionatorem
639 1670 955 1753 incorruptissimum

117 1789 311 1854 Decasticha
328 1789 570 1874 nuncupatoria
587 1790 692 1854 Olauo
710 1789 933 1855 Chrisostomo

10 1929 35 1966 ιο
456 1907 591 1972 Antore.

63 2146 218 2210 Carmina
239 2146 308 2211 fata
331 2147 450 2229 quibus
472 2167 532 2212 sua
554 2148 662 2212 tristia
683 2149 818 2213 ecclesia
839 2149 929 2228 luget

127 2265 308 2345 francisce,
334 2267 424 2331 haud
446 2267 561 2331 tetrica
584 2267 712 2348 suscipe
733 2267 840 2331 fronte
863 2286 986 2349 precor.

62 2385 96 2449 Si
118 2384 228 2448 minus
251 2385 396 2449 arrident
418 2387 560 2450 verubus
582 2385 769 2466 iugulentur
792 2387 895 2450 acutis

128 2503 169 2566 Et
190 2508 328 2586 pascant
351 2505 456 2569 tineas
480 2505 613 2569 condita
635 2505 696 2568 sub
718 2505 871 2569 tenebris,

9 2643 35 2681 ιι
63 2621 128 2686 Sed
152 2623 178 2685 si
202 2623 301 2704 digna
322 2625 419 2705 putes
443 2643 651 2687 communem
674 2643 805 2688 cernere
827 2625 933 2688 lucem
1014 2615 1019 2622 ⁹

127 2740 193 2805 Fac
215 2741 330 2806 viuant
353 2743 453 2806 stellis
477 2748 553 2807 ante
575 2746 691 2807 notata
713 2743 788 2807 tuis,

62 2859 158 2924 Nunc
181 2862 243 2924 sub
265 2861 432 2926 Aristarco
455 2865 488 2926 te
510 2861 625 2926 uiuant
647 2865 705 2926 aut
728 2861 911 2926 moriantur

127 2981 212 3044 Sunt
234 2984 293 3044 tua
315 2983 393 3044 sunt
414 2981 545 3062 penitus
567 2981 636 3045 iure
658 2981 770 3045 relicta
792 3002 876 3046 meo,

62 3099 110 3164 Te
118 3099 251 3163 Patrem
263 3102 444 3181 agnoscant
453 3102 530 3181 post
539 3100 600 3164 hac
610 3100 798 3181 pariterque
805 3101 987 3166 Patrouum

5 3238 32 3276 20
126 3217 192 3283 Ore
213 3217 332 3282 bioneo
355 3217 421 3282 sint
443 3236 506 3300 ope
528 3221 600 3283 tuta
622 3223 695 3284 tua.
