<?xml version="1.0" encoding="UTF-8"?>
<!DOCTYPE html PUBLIC "-//W3C//DTD XHTML 1.0 Transitional//EN"
    "http://www.w3.org/TR/xhtml1/DTD/xhtml1-transitional.dtd">
<html xmlns="http://www.w3.org/1999/xhtml" xml:lang="en" lang="en">
 <head>
  <title>
</title>
<meta http-equiv="Content-Type" content="text/html;charset=utf-8" />
  <meta name='ocr-system' content='tesseract 3.04.00' />
  <meta name='ocr-capabilities' content='ocr_page ocr_carea ocr_par ocr_line ocrx_word'/>
</head>
<body>
  <div class='ocr_page' id='page_1' title='image "./lamentatioeccle00rrgoog_0045.png"; bbox 0 0 2984 4256; ppageno 0'>
   <div class='ocr_carea' id='block_1_1' title="bbox 357 404 965 467">
    <p class='ocr_par' dir='ltr' id='par_1_1' title="bbox 357 404 965 467">
     <span class='ocr_line' id='line_1_1' title="bbox 357 404 965 467; baseline -0.018 -13"><span class='ocrx_word' id='word_1_1' title='bbox 357 406 514 454; x_wconf 88' lang='lat' dir='ltr'>Lamentatio</span> <span class='ocrx_word' id='word_1_2' title='bbox 532 406 647 454; x_wconf 85' lang='lat' dir='ltr'>ecclesie.</span> <span class='ocrx_word' id='word_1_3' title='bbox 924 404 965 467; x_wconf 63' lang='lat' dir='ltr'>Q)</span> 
     </span>
    </p>
   </div>
   <div class='ocr_carea' id='block_1_2' title="bbox 10 589 1273 1148">
    <p class='ocr_par' dir='ltr' id='par_1_2' title="bbox 10 589 1273 1148">
     <span class='ocr_line' id='line_1_2' title="bbox 43 589 965 672; baseline -0.002 -18"><span class='ocrx_word' id='word_1_4' title='bbox 43 589 160 668; x_wconf 87' lang='lat' dir='ltr'>quibus</span> <span class='ocrx_word' id='word_1_5' title='bbox 188 589 461 672; x_wconf 85' lang='lat' dir='ltr'>promissionibus</span> <span class='ocrx_word' id='word_1_6' title='bbox 474 637 481 666; x_wconf 85' lang='lat'>‚</span> <span class='ocrx_word' id='word_1_7' title='bbox 495 589 655 670; x_wconf 84' lang='lat' dir='ltr'>quibusve</span> <span class='ocrx_word' id='word_1_8' title='bbox 685 589 788 653; x_wconf 90' lang='lat' dir='ltr'>illiciis</span> <span class='ocrx_word' id='word_1_9' title='bbox 816 589 865 652; x_wconf 89' lang='lat' dir='ltr'>his</span> <span class='ocrx_word' id='word_1_10' title='bbox 893 590 965 652; x_wconf 86' lang='lat' dir='ltr'>vin-</span> 
     </span>
     <span class='ocr_line' id='line_1_3' title="bbox 42 708 964 790; baseline 0.001 -21"><span class='ocrx_word' id='word_1_11' title='bbox 42 708 119 771; x_wconf 89' lang='lat' dir='ltr'>culis</span> <span class='ocrx_word' id='word_1_12' title='bbox 141 709 322 790; x_wconf 88' lang='lat' dir='ltr'>illaqueant</span> <span class='ocrx_word' id='word_1_13' title='bbox 344 709 443 772; x_wconf 89' lang='lat' dir='ltr'>etiam</span> <span class='ocrx_word' id='word_1_14' title='bbox 465 708 656 771; x_wconf 90' lang='lat' dir='ltr'>innocentes</span> <span class='ocrx_word' id='word_1_15' title='bbox 678 727 798 789; x_wconf 89' lang='lat' dir='ltr'>pueros</span> <span class='ocrx_word' id='word_1_16' title='bbox 818 755 825 770; x_wconf 89' lang='lat'><strong>.</strong></span> <span class='ocrx_word' id='word_1_17' title='bbox 846 708 964 788; x_wconf 90' lang='lat' dir='ltr'>quibus</span> 
     </span>
     <span class='ocr_line' id='line_1_4' title="bbox 41 827 964 907; baseline 0.001 -19"><span class='ocrx_word' id='word_1_18' title='bbox 41 827 70 888; x_wconf 86' lang='lat' dir='ltr'>si</span> <span class='ocrx_word' id='word_1_19' title='bbox 98 828 218 892; x_wconf 87' lang='lat' dir='ltr'>inesset</span> <span class='ocrx_word' id='word_1_20' title='bbox 246 828 297 890; x_wconf 90' lang='lat' dir='ltr'>vel</span> <span class='ocrx_word' id='word_1_21' title='bbox 325 827 410 891; x_wconf 88' lang='lat' dir='ltr'>mica</span> <span class='ocrx_word' id='word_1_22' title='bbox 439 827 617 907; x_wconf 85' lang='lat' dir='ltr'>euangelici</span> <span class='ocrx_word' id='word_1_23' title='bbox 645 827 721 891; x_wconf 87' lang='lat' dir='ltr'>salis</span> <span class='ocrx_word' id='word_1_24' title='bbox 745 830 964 891; x_wconf 79' lang='lat' dir='ltr'>,vererentur</span> 
     </span>
     <span class='ocr_line' id='line_1_5' title="bbox 41 945 964 1027; baseline 0.002 -19"><span class='ocrx_word' id='word_1_25' title='bbox 41 946 119 1026; x_wconf 90' lang='lat' dir='ltr'>quid</span> <span class='ocrx_word' id='word_1_26' title='bbox 147 947 256 1011; x_wconf 90' lang='lat' dir='ltr'>dicam</span> <span class='ocrx_word' id='word_1_27' title='bbox 282 945 393 1027; x_wconf 89' lang='lat' dir='ltr'>pueris</span> <span class='ocrx_word' id='word_1_28' title='bbox 422 947 488 1009; x_wconf 91' lang='lat' dir='ltr'>imo</span> <span class='ocrx_word' id='word_1_29' title='bbox 515 946 626 1010; x_wconf 88' lang='lat' dir='ltr'>adulte</span> <span class='ocrx_word' id='word_1_30' title='bbox 654 947 749 1010; x_wconf 88' lang='lat' dir='ltr'>etatis</span> <span class='ocrx_word' id='word_1_31' title='bbox 776 945 964 1010; x_wconf 90' lang='lat' dir='ltr'>hominibus</span> 
     </span>
     <span class='ocr_line' id='line_1_6' title="bbox 10 1064 1273 1148; baseline 0.005 -22"><span class='ocrx_word' id='word_1_32' title='bbox 10 1083 15 1118; x_wconf 63' lang='grc' dir='ltr'><strong>ι</strong></span> <span class='ocrx_word' id='word_1_33' title='bbox 40 1065 127 1129; x_wconf 91' lang='lat' dir='ltr'>hunc</span> <span class='ocrx_word' id='word_1_34' title='bbox 149 1066 305 1148; x_wconf 87' lang='lat' dir='ltr'>laqueum</span> <span class='ocrx_word' id='word_1_35' title='bbox 327 1064 458 1128; x_wconf 88' lang='lat' dir='ltr'>iniicere</span> <span class='ocrx_word' id='word_1_36' title='bbox 483 1113 489 1128; x_wconf 92' lang='lat'><strong>.</strong></span> <span class='ocrx_word' id='word_1_37' title='bbox 512 1064 564 1127; x_wconf 87' lang='lat' dir='ltr'>vel</span> <span class='ocrx_word' id='word_1_38' title='bbox 592 1084 631 1128; x_wconf 84' lang='lat' dir='ltr'>ex</span> <span class='ocrx_word' id='word_1_39' title='bbox 650 1065 752 1128; x_wconf 90' lang='lat' dir='ltr'>Paulo</span> <span class='ocrx_word' id='word_1_40' title='bbox 776 1065 964 1128; x_wconf 79' lang='lat' dir='ltr'>didicissent</span> <span class='ocrx_word' id='word_1_41' title='bbox 985 1081 1007 1118; x_wconf 90' lang='lat'>1·</span> <span class='ocrx_word' id='word_1_42' title='bbox 1027 1069 1077 1117; x_wconf 82' lang='lat' dir='ltr'>Cor</span> <span class='ocrx_word' id='word_1_43' title='bbox 1094 1068 1127 1117; x_wconf 87' lang='lat' dir='ltr'>vii</span> <span class='ocrx_word' id='word_1_44' title='bbox 1145 1067 1179 1116; x_wconf 82' lang='lat' dir='ltr'>Et</span> <span class='ocrx_word' id='word_1_45' title='bbox 1202 1068 1273 1132; x_wconf 75' lang='lat' dir='ltr'>regas</span> 
     </span>
    </p>
   </div>
   <div class='ocr_carea' id='block_1_3' title="bbox 40 1137 1273 1268">
    <p class='ocr_par' dir='ltr' id='par_1_3' title="bbox 40 1137 1273 1268">
     <span class='ocr_line' id='line_1_7' title="bbox 40 1137 1273 1268; baseline 0.006 -23"><span class='ocrx_word' id='word_1_46' title='bbox 40 1203 107 1247; x_wconf 91' lang='lat' dir='ltr'>non</span> <span class='ocrx_word' id='word_1_47' title='bbox 129 1204 201 1249; x_wconf 90' lang='lat' dir='ltr'>esse</span> <span class='ocrx_word' id='word_1_48' title='bbox 224 1184 320 1248; x_wconf 89' lang='lat' dir='ltr'>alicui</span> <span class='ocrx_word' id='word_1_49' title='bbox 342 1183 553 1248; x_wconf 90' lang='lat' dir='ltr'>iniiciendum</span> <span class='ocrx_word' id='word_1_50' title='bbox 575 1184 729 1265; x_wconf 89' lang='lat' dir='ltr'>laqueum</span> <span class='ocrx_word' id='word_1_51' title='bbox 748 1233 754 1246; x_wconf 91' lang='lat'>.</span> <span class='ocrx_word' id='word_1_52' title='bbox 772 1184 830 1247; x_wconf 89' lang='lat' dir='ltr'>sed</span> <span class='ocrx_word' id='word_1_53' title='bbox 847 1183 964 1265; x_wconf 86' lang='lat' dir='ltr'>cuique</span> <span class='ocrx_word' id='word_1_54' title='bbox 981 1137 1273 1268; x_wconf 53' lang='lat' dir='ltr'>iiiihdiilysesiitdffiipin</span> 
     </span>
    </p>
   </div>
   <div class='ocr_carea' id='block_1_4' title="bbox 10 1272 1273 1978">
    <p class='ocr_par' dir='ltr' id='par_1_4' title="bbox 10 1272 1273 1978">
     <span class='ocr_line' id='line_1_8' title="bbox 40 1272 1273 1389; baseline 0.002 -24"><span class='ocrx_word' id='word_1_55' title='bbox 40 1323 100 1383; x_wconf 75' lang='lat' dir='ltr'>pro</span> <span class='ocrx_word' id='word_1_56' title='bbox 119 1304 208 1368; x_wconf 79' lang='lat' dir='ltr'>dono</span> <span class='ocrx_word' id='word_1_57' title='bbox 230 1303 293 1366; x_wconf 78' lang='lat' dir='ltr'>sni</span> <span class='ocrx_word' id='word_1_58' title='bbox 315 1303 394 1366; x_wconf 74' lang='lat' dir='ltr'>dato</span> <span class='ocrx_word' id='word_1_59' title='bbox 413 1322 434 1366; x_wconf 80' lang='lat' dir='ltr'>a</span> <span class='ocrx_word' id='word_1_60' title='bbox 451 1302 512 1366; x_wconf 75' lang='lat' dir='ltr'>deo</span> <span class='ocrx_word' id='word_1_61' title='bbox 525 1302 768 1370; x_wconf 72' lang='lat' dir='ltr'>ambulandum</span> <span class='ocrx_word' id='word_1_62' title='bbox 781 1352 788 1366; x_wconf 92' lang='lat'><strong>.</strong></span> <span class='ocrx_word' id='word_1_63' title='bbox 800 1303 869 1367; x_wconf 71' lang='lat' dir='ltr'>siue</span> <span class='ocrx_word' id='word_1_64' title='bbox 886 1303 964 1367; x_wconf 78' lang='lat' dir='ltr'>vent</span> <span class='ocrx_word' id='word_1_65' title='bbox 981 1272 1273 1389; x_wconf 53' lang='lat' dir='ltr'>⁶⁶⁰⁶⁸ilvfiff⁰m³¹³²m</span> 
     </span>
     <span class='ocr_line' id='line_1_9' title="bbox 39 1421 964 1486; baseline 0.002 -2"><span class='ocrx_word' id='word_1_66' title='bbox 39 1422 146 1486; x_wconf 83' lang='lat' dir='ltr'>celebs</span> <span class='ocrx_word' id='word_1_67' title='bbox 187 1423 256 1485; x_wconf 90' lang='lat' dir='ltr'>siue</span> <span class='ocrx_word' id='word_1_68' title='bbox 295 1421 440 1486; x_wconf 84' lang='lat' dir='ltr'>coniunx</span> <span class='ocrx_word' id='word_1_69' title='bbox 472 1421 582 1484; x_wconf 87' lang='lat' dir='ltr'>viuere</span> <span class='ocrx_word' id='word_1_70' title='bbox 642 1421 711 1485; x_wconf 87' lang='lat' dir='ltr'>lam</span> <span class='ocrx_word' id='word_1_71' title='bbox 747 1422 964 1486; x_wconf 82' lang='lat' dir='ltr'>monachatus</span> 
     </span>
     <span class='ocr_line' id='line_1_10' title="bbox 38 1540 965 1622; baseline 0.004 -20"><span class='ocrx_word' id='word_1_72' title='bbox 38 1541 154 1604; x_wconf 90' lang='lat' dir='ltr'>titulus</span> <span class='ocrx_word' id='word_1_73' title='bbox 183 1560 244 1605; x_wconf 89' lang='lat' dir='ltr'>nec</span> <span class='ocrx_word' id='word_1_74' title='bbox 272 1561 292 1605; x_wconf 89' lang='lat' dir='ltr'>a</span> <span class='ocrx_word' id='word_1_75' title='bbox 319 1540 486 1604; x_wconf 86' lang='lat' dir='ltr'>functione</span> <span class='ocrx_word' id='word_1_76' title='bbox 514 1540 681 1604; x_wconf 78' lang='lat' dir='ltr'>clericatus</span> <span class='ocrx_word' id='word_1_77' title='bbox 704 1541 892 1622; x_wconf 87' lang='lat' dir='ltr'>quempiam</span> <span class='ocrx_word' id='word_1_78' title='bbox 914 1561 965 1606; x_wconf 90' lang='lat' dir='ltr'>re-</span> 
     </span>
     <span class='ocr_line' id='line_1_11' title="bbox 10 1659 966 1741; baseline 0.002 -19"><span class='ocrx_word' id='word_1_79' title='bbox 10 1679 13 1712; x_wconf 83' lang='lat'><em>·</em></span> <span class='ocrx_word' id='word_1_80' title='bbox 39 1660 235 1724; x_wconf 78' lang='lat' dir='ltr'>morabatur</span> <span class='ocrx_word' id='word_1_81' title='bbox 259 1708 267 1723; x_wconf 92' lang='lat'><strong>.</strong></span> <span class='ocrx_word' id='word_1_82' title='bbox 291 1660 373 1724; x_wconf 88' lang='lat' dir='ltr'>adeo</span> <span class='ocrx_word' id='word_1_83' title='bbox 401 1664 438 1723; x_wconf 84' lang='lat' dir='ltr'>vt</span> <span class='ocrx_word' id='word_1_84' title='bbox 467 1679 506 1723; x_wconf 85' lang='lat' dir='ltr'>ex</span> <span class='ocrx_word' id='word_1_85' title='bbox 528 1659 618 1723; x_wconf 91' lang='lat' dir='ltr'>nullo</span> <span class='ocrx_word' id='word_1_86' title='bbox 642 1659 755 1722; x_wconf 90' lang='lat' dir='ltr'>ordine</span> <span class='ocrx_word' id='word_1_87' title='bbox 777 1659 886 1741; x_wconf 87' lang='lat' dir='ltr'>sepius</span> <span class='ocrx_word' id='word_1_88' title='bbox 909 1660 966 1724; x_wconf 88' lang='lat' dir='ltr'>de-</span> 
     </span>
     <span class='ocr_line' id='line_1_12' title="bbox 36 1777 966 1861; baseline 0.001 -20"><span class='ocrx_word' id='word_1_89' title='bbox 36 1779 217 1860; x_wconf 82' lang='lat' dir='ltr'>ligerentur</span> <span class='ocrx_word' id='word_1_90' title='bbox 234 1779 380 1861; x_wconf 88' lang='lat' dir='ltr'>episcopi</span> <span class='ocrx_word' id='word_1_91' title='bbox 398 1827 405 1841; x_wconf 94' lang='lat'><strong>.</strong></span> <span class='ocrx_word' id='word_1_92' title='bbox 424 1778 513 1860; x_wconf 92' lang='lat' dir='ltr'>quod</span> <span class='ocrx_word' id='word_1_93' title='bbox 534 1777 587 1841; x_wconf 90' lang='lat' dir='ltr'>hic</span> <span class='ocrx_word' id='word_1_94' title='bbox 609 1777 756 1841; x_wconf 89' lang='lat' dir='ltr'>inuenire</span> <span class='ocrx_word' id='word_1_95' title='bbox 778 1778 888 1843; x_wconf 88' lang='lat' dir='ltr'>liceret</span> <span class='ocrx_word' id='word_1_96' title='bbox 909 1779 966 1861; x_wconf 90' lang='lat' dir='ltr'>qui</span> 
     </span>
     <span class='ocr_line' id='line_1_13' title="bbox 38 1896 966 1978; baseline 0 -17"><span class='ocrx_word' id='word_1_97' title='bbox 38 1901 152 1962; x_wconf 87' lang='lat' dir='ltr'>essent</span> <span class='ocrx_word' id='word_1_98' title='bbox 178 1897 213 1960; x_wconf 93' lang='lat' dir='ltr'>in</span> <span class='ocrx_word' id='word_1_99' title='bbox 244 1897 344 1960; x_wconf 89' lang='lat' dir='ltr'>sacris</span> <span class='ocrx_word' id='word_1_100' title='bbox 372 1896 488 1960; x_wconf 90' lang='lat' dir='ltr'>litteris</span> <span class='ocrx_word' id='word_1_101' title='bbox 511 1897 768 1961; x_wconf 81' lang='lat' dir='ltr'>exercitatissimi</span> <span class='ocrx_word' id='word_1_102' title='bbox 792 1946 799 1960; x_wconf 91' lang='lat'><strong>.</strong></span> <span class='ocrx_word' id='word_1_103' title='bbox 823 1897 878 1978; x_wconf 91' lang='lat' dir='ltr'>qui</span> <span class='ocrx_word' id='word_1_104' title='bbox 906 1897 966 1962; x_wconf 90' lang='lat' dir='ltr'>soli</span> 
     </span>
    </p>
   </div>
   <div class='ocr_carea' id='block_1_5' title="bbox 38 2005 966 2099">
    <p class='ocr_par' dir='ltr' id='par_1_5' title="bbox 38 2005 966 2099">
     <span class='ocr_line' id='line_1_14' title="bbox 38 2005 966 2099; baseline -0.001 -18"><span class='ocrx_word' id='word_1_105' title='bbox 38 2018 82 2081; x_wconf 90' lang='lat' dir='ltr'>ad</span> <span class='ocrx_word' id='word_1_106' title='bbox 105 2016 334 2099; x_wconf 86' lang='lat' dir='ltr'>episcopatum</span> <span class='ocrx_word' id='word_1_107' title='bbox 356 2016 464 2080; x_wconf 88' lang='lat' dir='ltr'>idonei</span> <span class='ocrx_word' id='word_1_108' title='bbox 487 2019 565 2079; x_wconf 89' lang='lat' dir='ltr'>sunt</span> <span class='ocrx_word' id='word_1_109' title='bbox 608 2005 706 2093; x_wconf 87' lang='lat' dir='ltr'>Quod</span> <span class='ocrx_word' id='word_1_110' title='bbox 728 2017 755 2080; x_wconf 91' lang='lat' dir='ltr'>si</span> <span class='ocrx_word' id='word_1_111' title='bbox 777 2016 874 2080; x_wconf 87' lang='lat' dir='ltr'>hodie</span> <span class='ocrx_word' id='word_1_112' title='bbox 896 2016 966 2080; x_wconf 88' lang='lat' dir='ltr'>fieri</span> 
     </span>
    </p>
   </div>
   <div class='ocr_carea' id='block_1_6' title="bbox 11 2119 1275 2929">
    <p class='ocr_par' dir='ltr' id='par_1_6' title="bbox 11 2119 1275 2929">
     <span class='ocr_line' id='line_1_15' title="bbox 36 2119 966 2218; baseline 0 -18"><span class='ocrx_word' id='word_1_113' title='bbox 36 2138 154 2218; x_wconf 91' lang='lat' dir='ltr'>posset</span> <span class='ocrx_word' id='word_1_114' title='bbox 186 2140 273 2200; x_wconf 88' lang='lat' dir='ltr'>certe</span> <span class='ocrx_word' id='word_1_115' title='bbox 306 2119 502 2199; x_wconf 85' lang='lat' dir='ltr'>haberemus</span> <span class='ocrx_word' id='word_1_116' title='bbox 530 2135 633 2198; x_wconf 89' lang='lat' dir='ltr'>multo</span> <span class='ocrx_word' id='word_1_117' title='bbox 659 2134 834 2200; x_wconf 82' lang='lat' dir='ltr'>feliciorem</span> <span class='ocrx_word' id='word_1_118' title='bbox 864 2134 966 2200; x_wconf 89' lang='lat' dir='ltr'>eccle·</span> 
     </span>
     <span class='ocr_line' id='line_1_16' title="bbox 11 2253 966 2336; baseline 0 -18"><span class='ocrx_word' id='word_1_119' title='bbox 11 2289 12 2304; x_wconf 34' lang='grc' dir='ltr'><strong>κ</strong></span> <span class='ocrx_word' id='word_1_120' title='bbox 39 2257 125 2319; x_wconf 87' lang='lat' dir='ltr'>siam</span> <span class='ocrx_word' id='word_1_121' title='bbox 150 2302 157 2317; x_wconf 89' lang='lat'><strong>.</strong></span> <span class='ocrx_word' id='word_1_122' title='bbox 181 2255 261 2318; x_wconf 91' lang='lat' dir='ltr'>dum</span> <span class='ocrx_word' id='word_1_123' title='bbox 283 2254 348 2317; x_wconf 90' lang='lat' dir='ltr'>huc</span> <span class='ocrx_word' id='word_1_124' title='bbox 370 2253 503 2318; x_wconf 91' lang='lat' dir='ltr'>honoris</span> <span class='ocrx_word' id='word_1_125' title='bbox 525 2253 699 2334; x_wconf 89' lang='lat' dir='ltr'>rapiuntur</span> <span class='ocrx_word' id='word_1_126' title='bbox 721 2274 760 2317; x_wconf 84' lang='lat' dir='ltr'>ex</span> <span class='ocrx_word' id='word_1_127' title='bbox 782 2254 966 2336; x_wconf 92' lang='lat' dir='ltr'>principum</span> 
     </span>
     <span class='ocr_line' id='line_1_17' title="bbox 37 2371 966 2454; baseline -0.001 -16"><span class='ocrx_word' id='word_1_128' title='bbox 37 2374 122 2438; x_wconf 89' lang='lat' dir='ltr'>aulis</span> <span class='ocrx_word' id='word_1_129' title='bbox 156 2373 212 2454; x_wconf 88' lang='lat' dir='ltr'>qui</span> <span class='ocrx_word' id='word_1_130' title='bbox 240 2373 317 2437; x_wconf 90' lang='lat' dir='ltr'>solis</span> <span class='ocrx_word' id='word_1_131' title='bbox 346 2372 443 2436; x_wconf 89' lang='lat' dir='ltr'>cartis</span> <span class='ocrx_word' id='word_1_132' title='bbox 474 2371 652 2436; x_wconf 86' lang='lat' dir='ltr'>scribendis</span> <span class='ocrx_word' id='word_1_133' title='bbox 676 2422 683 2436; x_wconf 91' lang='lat'><strong>.</strong></span> <span class='ocrx_word' id='word_1_134' title='bbox 706 2392 748 2436; x_wconf 92' lang='lat' dir='ltr'>ne</span> <span class='ocrx_word' id='word_1_135' title='bbox 775 2373 882 2437; x_wconf 87' lang='lat' dir='ltr'>dicam</span> <span class='ocrx_word' id='word_1_136' title='bbox 909 2393 966 2437; x_wconf 85' lang='lat' dir='ltr'>ex·</span> 
     </span>
     <span class='ocr_line' id='line_1_18' title="bbox 37 2491 967 2574; baseline -0.002 -16"><span class='ocrx_word' id='word_1_137' title='bbox 37 2491 231 2558; x_wconf 88' lang='lat' dir='ltr'>hauriendis</span> <span class='ocrx_word' id='word_1_138' title='bbox 263 2511 447 2574; x_wconf 87' lang='lat' dir='ltr'>pauperum</span> <span class='ocrx_word' id='word_1_139' title='bbox 481 2491 606 2555; x_wconf 90' lang='lat' dir='ltr'>scriniis</span> <span class='ocrx_word' id='word_1_140' title='bbox 621 2540 627 2555; x_wconf 93' lang='lat'><strong>.</strong></span> <span class='ocrx_word' id='word_1_141' title='bbox 640 2493 718 2556; x_wconf 88' lang='lat' dir='ltr'>sunt</span> <span class='ocrx_word' id='word_1_142' title='bbox 750 2492 878 2556; x_wconf 87' lang='lat' dir='ltr'>adsueti</span> <span class='ocrx_word' id='word_1_143' title='bbox 921 2492 967 2556; x_wconf 90' lang='lat' dir='ltr'>At</span> 
     </span>
     <span class='ocr_line' id='line_1_19' title="bbox 37 2609 967 2695; baseline 0 -20"><span class='ocrx_word' id='word_1_144' title='bbox 37 2611 120 2695; x_wconf 90' lang='lat' dir='ltr'>quid</span> <span class='ocrx_word' id='word_1_145' title='bbox 156 2610 302 2674; x_wconf 75' lang='lat' dir='ltr'>dicam?</span> <span class='ocrx_word' id='word_1_146' title='bbox 324 2610 427 2692; x_wconf 87' lang='lat' dir='ltr'>pudet</span> <span class='ocrx_word' id='word_1_147' title='bbox 461 2610 564 2674; x_wconf 91' lang='lat' dir='ltr'>amice</span> <span class='ocrx_word' id='word_1_148' title='bbox 596 2610 697 2674; x_wconf 83' lang='lat' dir='ltr'>lector</span> <span class='ocrx_word' id='word_1_149' title='bbox 725 2609 820 2692; x_wconf 86' lang='lat' dir='ltr'>plura</span> <span class='ocrx_word' id='word_1_150' title='bbox 848 2611 967 2676; x_wconf 88' lang='lat' dir='ltr'>referre</span> 
     </span>
     <span class='ocr_line' id='line_1_20' title="bbox 37 2728 659 2814; baseline -0.008 -18"><span class='ocrx_word' id='word_1_151' title='bbox 37 2732 77 2796; x_wconf 92' lang='lat' dir='ltr'>de</span> <span class='ocrx_word' id='word_1_152' title='bbox 103 2731 219 2793; x_wconf 91' lang='lat' dir='ltr'>nostre</span> <span class='ocrx_word' id='word_1_153' title='bbox 242 2728 375 2792; x_wconf 87' lang='lat' dir='ltr'>ecclesie</span> <span class='ocrx_word' id='word_1_154' title='bbox 398 2728 593 2794; x_wconf 87' lang='lat' dir='ltr'>calamitate.</span> <span class='ocrx_word' id='word_1_155' title='bbox 618 2733 659 2814; x_wconf 55' lang='grc' dir='ltr'><em>ὃ</em></span> 
     </span>
     <span class='ocr_line' id='line_1_21' title="bbox 126 2846 1275 2929; baseline 0.01 -20"><span class='ocrx_word' id='word_1_156' title='bbox 126 2846 211 2910; x_wconf 92' lang='lat' dir='ltr'>Illud</span> <span class='ocrx_word' id='word_1_157' title='bbox 228 2852 261 2910; x_wconf 91' lang='lat' dir='ltr'>te</span> <span class='ocrx_word' id='word_1_158' title='bbox 279 2851 411 2911; x_wconf 87' lang='lat' dir='ltr'>oratum</span> <span class='ocrx_word' id='word_1_159' title='bbox 427 2847 604 2911; x_wconf 90' lang='lat' dir='ltr'>nouissime</span> <span class='ocrx_word' id='word_1_160' title='bbox 615 2847 713 2911; x_wconf 88' lang='lat' dir='ltr'>velim</span> <span class='ocrx_word' id='word_1_161' title='bbox 725 2896 732 2910; x_wconf 88' lang='lat'><strong>.</strong></span> <span class='ocrx_word' id='word_1_162' title='bbox 742 2850 779 2910; x_wconf 89' lang='lat' dir='ltr'>vt</span> <span class='ocrx_word' id='word_1_163' title='bbox 795 2848 852 2929; x_wconf 90' lang='lat' dir='ltr'>qui</span> <span class='ocrx_word' id='word_1_164' title='bbox 868 2848 966 2913; x_wconf 89' lang='lat' dir='ltr'>hodie</span> <span class='ocrx_word' id='word_1_165' title='bbox 983 2869 1275 2922; x_wconf 75' lang='lat' dir='ltr'>omnemmonaehatum:</span> 
     </span>
    </p>
   </div>
   <div class='ocr_carea' id='block_1_7' title="bbox 983 2800 1277 2866">
    <p class='ocr_par' dir='ltr' id='par_1_7' title="bbox 983 2800 1277 2866">
     <span class='ocr_line' id='line_1_22' title="bbox 983 2800 1277 2866; baseline 0.017 -19"><span class='ocrx_word' id='word_1_166' title='bbox 983 2800 1041 2848; x_wconf 91' lang='lat' dir='ltr'>Non</span> <span class='ocrx_word' id='word_1_167' title='bbox 1068 2801 1137 2865; x_wconf 88' lang='lat' dir='ltr'>cupit</span> <span class='ocrx_word' id='word_1_168' title='bbox 1162 2802 1277 2866; x_wconf 86' lang='lat' dir='ltr'>abrogari</span> 
     </span>
    </p>
   </div>
   <div class='ocr_carea' id='block_1_8' title="bbox 35 2937 1277 3058">
    <p class='ocr_par' dir='ltr' id='par_1_8' title="bbox 35 2937 1277 3058">
     <span class='ocr_line' id='line_1_23' title="bbox 35 2937 1277 3058; baseline 0.014 -31"><span class='ocrx_word' id='word_1_169' title='bbox 35 2967 159 3052; x_wconf 78' lang='lat' dir='ltr'>regnat</span> <span class='ocrx_word' id='word_1_170' title='bbox 180 2965 382 3030; x_wconf 87' lang='lat' dir='ltr'>monachatu</span> <span class='ocrx_word' id='word_1_171' title='bbox 404 2965 477 3029; x_wconf 87' lang='lat' dir='ltr'>vale</span> <span class='ocrx_word' id='word_1_172' title='bbox 505 2965 592 3029; x_wconf 89' lang='lat' dir='ltr'>dicto</span> <span class='ocrx_word' id='word_1_173' title='bbox 619 2965 653 3028; x_wconf 94' lang='lat' dir='ltr'>in</span> <span class='ocrx_word' id='word_1_174' title='bbox 676 2965 771 3030; x_wconf 87' lang='lat' dir='ltr'>vnico</span> <span class='ocrx_word' id='word_1_175' title='bbox 798 2971 966 3032; x_wconf 87' lang='lat' dir='ltr'>seruatore</span> <span class='ocrx_word' id='word_1_176' title='bbox 982 2937 1103 3054; x_wconf 53' lang='lat' dir='ltr'>ffiffl</span> <span class='ocrx_word' id='word_1_177' title='bbox 1122 2953 1277 3058; x_wconf 53' lang='lat' dir='ltr'>scffiffl</span> 
     </span>
    </p>
   </div>
   <div class='ocr_carea' id='block_1_9' title="bbox 35 3073 1277 3208">
    <p class='ocr_par' dir='ltr' id='par_1_9' title="bbox 35 3073 1277 3208">
     <span class='ocr_line' id='line_1_24' title="bbox 35 3073 1277 3208; baseline -0.005 -53"><span class='ocrx_word' id='word_1_178' title='bbox 35 3090 156 3154; x_wconf 86' lang='lat' dir='ltr'>nostro</span> <span class='ocrx_word' id='word_1_179' title='bbox 171 3083 302 3148; x_wconf 85' lang='lat' dir='ltr'>Christo</span> <span class='ocrx_word' id='word_1_180' title='bbox 324 3084 397 3172; x_wconf 89' lang='lat' dir='ltr'>lesu</span> <span class='ocrx_word' id='word_1_181' title='bbox 419 3084 559 3148; x_wconf 89' lang='lat' dir='ltr'>salutern</span> <span class='ocrx_word' id='word_1_182' title='bbox 580 3087 673 3147; x_wconf 89' lang='lat' dir='ltr'>tuam</span> <span class='ocrx_word' id='word_1_183' title='bbox 697 3073 1277 3208; x_wconf 37' lang='lat' dir='ltr'>colloceS.quemgnJg¹¹{1⁵a{{¹¹nffu⁸s⁵ibfluug{</span> 
     </span>
    </p>
   </div>
   <div class='ocr_carea' id='block_1_10' title="bbox 33 3202 1277 3403">
    <p class='ocr_par' dir='ltr' id='par_1_10' title="bbox 33 3202 1277 3403">
     <span class='ocr_line' id='line_1_25' title="bbox 34 3202 1276 3292; baseline -0.006 -17"><span class='ocrx_word' id='word_1_184' title='bbox 34 3211 147 3274; x_wconf 89' lang='lat' dir='ltr'>disces</span> <span class='ocrx_word' id='word_1_185' title='bbox 169 3221 237 3266; x_wconf 92' lang='lat' dir='ltr'>non</span> <span class='ocrx_word' id='word_1_186' title='bbox 260 3203 303 3266; x_wconf 89' lang='lat' dir='ltr'>ab</span> <span class='ocrx_word' id='word_1_187' title='bbox 325 3202 398 3267; x_wconf 91' lang='lat' dir='ltr'>ullis</span> <span class='ocrx_word' id='word_1_188' title='bbox 421 3203 592 3267; x_wconf 89' lang='lat' dir='ltr'>hominum</span> <span class='ocrx_word' id='word_1_189' title='bbox 616 3203 771 3267; x_wconf 87' lang='lat' dir='ltr'>doctrinis</span> <span class='ocrx_word' id='word_1_190' title='bbox 785 3253 792 3268; x_wconf 89' lang='lat'><strong>.</strong></span> <span class='ocrx_word' id='word_1_191' title='bbox 805 3205 862 3269; x_wconf 91' lang='lat' dir='ltr'>sed</span> <span class='ocrx_word' id='word_1_192' title='bbox 885 3205 966 3270; x_wconf 87' lang='lat' dir='ltr'>cele·</span> <span class='ocrx_word' id='word_1_193' title='bbox 984 3209 1033 3289; x_wconf 74' lang='lat'>¹¹9⁰.</span> <span class='ocrx_word' id='word_1_194' title='bbox 1044 3210 1175 3289; x_wconf 73' lang='lat' dir='ltr'>ludaismo</span> <span class='ocrx_word' id='word_1_195' title='bbox 1191 3227 1276 3292; x_wconf 63' lang='lat' dir='ltr'>sunus</span> 
     </span>
     <span class='ocr_line' id='line_1_26' title="bbox 33 3293 1277 3403; baseline 0.005 -10"><span class='ocrx_word' id='word_1_196' title='bbox 33 3327 147 3393; x_wconf 89' lang='lat' dir='ltr'>stibus</span> <span class='ocrx_word' id='word_1_197' title='bbox 181 3321 320 3385; x_wconf 89' lang='lat' dir='ltr'>oraculis</span> <span class='ocrx_word' id='word_1_198' title='bbox 354 3340 418 3403; x_wconf 89' lang='lat' dir='ltr'>que</span> <span class='ocrx_word' id='word_1_199' title='bbox 450 3321 588 3386; x_wconf 85' lang='lat' dir='ltr'>tradunt</span> <span class='ocrx_word' id='word_1_200' title='bbox 620 3321 679 3385; x_wconf 90' lang='lat' dir='ltr'>tibi</span> <span class='ocrx_word' id='word_1_201' title='bbox 712 3342 803 3387; x_wconf 88' lang='lat' dir='ltr'>sacre</span> <span class='ocrx_word' id='word_1_202' title='bbox 835 3322 940 3390; x_wconf 88' lang='lat' dir='ltr'>littere</span> <span class='ocrx_word' id='word_1_203' title='bbox 959 3373 966 3388; x_wconf 89' lang='lat'><strong>.</strong></span> <span class='ocrx_word' id='word_1_204' title='bbox 984 3293 1277 3399; x_wconf 52' lang='lat' dir='ltr'>iiiiiliiidstiiddsmi?</span> 
     </span>
    </p>
   </div>
   <div class='ocr_carea' id='block_1_11' title="bbox 0 0 1496 4256">
    <p class='ocr_par' dir='ltr' id='par_1_11' title="bbox 0 0 1496 4256">
     <span class='ocr_line' id='line_1_27' title="bbox 0 0 1496 4256; baseline 0 4"><span class='ocrx_word' id='word_1_205' title='bbox 0 0 1496 4256; x_wconf 95' lang='lat' dir='ltr'> </span> 
     </span>
    </p>
   </div>
  </div>
 </body>
</html>
