2984 4256
378 397 536 448 Lamentatio
554 397 669 447 ecclesie.
949 393 987 457 15

57 580 230 662 Fugerunt
243 631 251 645 .
263 583 423 666 tedasque
445 583 558 665 procul
580 583 691 663 fugere
712 581 835 662 iugales
987 590 1013 632 vt
1031 598 1084 632 rem
1102 583 1206 662 inpiam
1223 600 1295 633 auer-

60 701 102 764 Vt
127 701 342 766 cultoreDeo
364 722 425 766 sua
447 703 595 766 membra
617 701 735 765 cubilia
758 700 857 782 digna
1075 658 1213 701 sancum„

57 819 250 900 Preberent‚
273 821 428 903 niueique
449 823 616 905 placerent
639 822 715 886 dote
737 819 872 902 pudoris

59 939 214 1004 Tandem
236 943 274 1005 ut
295 939 442 1005 victrices
466 942 574 1006 anime
595 944 672 1024 post
694 941 761 1004 fata
785 939 954 1020 quieseant

21 1077 31 1111 ⁵
58 1058 202 1123 Sedibus
225 1059 356 1123 etheriis
369 1081 377 1123 ε
391 1061 505 1125 diuum
527 1080 725 1142 mensasque
748 1061 905 1123 coronent

58 1177 200 1243 Nectare
223 1182 256 1242 et
277 1179 453 1244 Anthrosia
474 1183 643 1244 vescentes
666 1198 763 1242 omne
785 1197 844 1260 per
866 1197 985 1241 euum.
1038 1195 1071 1215 *-

57 1297 135 1362 Non
158 1298 268 1362 minus
291 1297 442 1380 impietas
464 1297 550 1364 fidei'
563 1298 722 1363 confessio
746 1316 867 1361 nomen

58 1415 140 1493 Quis
164 1417 264 1494 dedit,
287 1417 422 1482 insultat
444 1419 683 1500 prohibereque
706 1419 808 1481 certat
830 1416 960 1497 Olimpo

58 1534 151 1613 Quos
185 1555 293 1618 neque
323 1537 519 1618 supplicium
537 1556 669 1619 ,neque
702 1537 790 1600 dicta
824 1535 985 1599 minantia

780 1655 909 1736 Regum

9 1785 31 1823 10
57 1773 232 1865 Etneque
253 1774 411 1838 blanditie
434 1775 563 1839 condite
584 1775 678 1838 melle
701 1775 816 1845 saeui,

57 1891 169 1956 Verba
190 1911 252 1957 nec
273 1893 421 1974 ingentes
443 1894 514 1957 auri
537 1893 695 1976 spirantia
717 1896 846 1957 montes

57 2011 87 2074 A
109 2012 213 2077 'semel
236 2012 387 2094 amplexo
410 2016 589 2094 potuerunt
611 2013 740 2076 flectere
763 2011 892 2076 Christo

59 2129 145 2196 Tam
169 2131 252 2196 bene
275 2132 384 2221 celesti
407 2132 577 2196 caluerunt
598 2135 733 2213 pectora
755 2131 888 2194 flamma

59 2248 128 2314 Hos
153 2269 242 2314 nunc
265 2251 404 2314 obscuro
426 2251 536 2314 nescio
560 2271 625 2332 quo
649 2269 776 2314 carcere
805 2250 981 2313 claudunt.

11 2383 33 2420 1⁵
59 2367 208 2452 Tempus
231 2369 273 2433 ad
296 2373 476 2434 extremum
499 2370 632 2434 venient
654 2370 715 2433 sub
738 2369 851 2432 iudicis
875 2388 932 2433 ora

59 2486 177 2552 Cuncti
200 2489 359 2566 homines,
383 2489 585 2570 expectaturi
606 2489 731 2570 premia
753 2488 846 2552 iactis

57 2604 166 2688 Digna
188 2607 255 2670 suis
269 2657 275 2670 .
288 2607 348 2670 iter
371 2608 413 2671 ad
435 2627 549 2671 manes
573 2627 629 2671 seu
653 2607 748 2670 detur
771 2608 813 2670 ad
836 2610 947 2671 astra.

57 2724 108 2790 Sic
130 2727 225 2790 furor
246 2725 464 2790 Eumenidum
486 2726 637 2790 mortalia
661 2726 760 2790 corda
783 2727 943 2807 gubernat

56 2843 299 2927 Precipitesque
320 2845 406 2927 rapit
428 2865 617 2928 perreium
639 2844 735 2908 deuia
757 2849 884 2909 mentes

10 2975 32 3013 ²⁰
55 2962 195 3030 Pectora
217 2963 262 3027 sic
284 2964 456 3028 hominum
478 2964 631 3028 Plutonia
653 2967 769 3046 regnat
791 2965 908 3046 Enyo.

55 3080 244 3149 Preteream
266 3083 350 3146 sicco
373 3086 454 3165 quot
476 3083 571 3147 sectis
594 3083 733 3147 dissecer
755 3103 811 3146 ore
998 3068 1182 3205 ffgffbaffiffis
1208 3073 1288 3204 ἑξὲῗε

54 3199 128 3282 Ipsa
153 3202 249 3266 nouis
264 3251 271 3266 .
284 3208 341 3266 aut
363 3202 510 3266 doctrine
532 3201 619 3266 rnala
642 3203 767 3266 semina
789 3202 869 3266 false
993 3206 1108 3256 homines
1124 3207 1167 3272 qui
1187 3210 1225 3257 sui
1245 3225 1287 3258 ca-

54 3318 344 3386 Heresiarcharum
366 3324 513 3385 veterum
536 3321 742 3385 delentibus
765 3324 858 3385 orta?
994 3282 1288 3394 gistssismflenpfflrlaggrbpgn
