2984 4256
378 411 535 460 Lamentatio
554 411 670 461 ecclesie.
950 408 988 470 17

73 593 121 658 Ire
141 573 331 659 cateruatim
352 595 443 658 iubet
466 595 556 660 ocius
579 600 656 660 ante
678 595 842 659 tribunal.
915 683 918 692 .

73 711 132 776 Hic
152 714 240 779 sedet
253 763 260 778 .
273 714 326 778 hic
349 717 453 778 sortes
475 715 616 779 incertas
638 718 749 780 versat
769 715 804 777 in
826 733 929 777 vrna.

73 831 165 895 Stant
185 832 294 896 anime
316 833 437 915 pauide
459 833 580 897 circum
594 882 600 897 .
613 835 711 897 timor
729 833 881 897 omnihus
904 851 989 896 vnus

72 949 173 1026 Quam
195 952 329 1034 capiant
350 970 471 1033 penam
494 972 555 1033 pro
577 953 721 1016 admisso
744 952 878 1016 crimine
901 951 988 1014 uite.

38 1087 48 1119 ⁵
71 1070 129 1133 Ast
150 1071 204 1134 vbi
226 1071 294 1134 iam
316 1070 427 1134 didicit
450 1071 624 1135 commissa
646 1071 776 1153 piacula
797 1071 895 1135 iudex

71 1189 206 1254 Horrida
229 1193 302 1254 tum
324 1190 456 1253 demum
480 1190 642 1254 sententia
664 1190 766 1254 fertur
788 1191 831 1254 ab
855 1209 910 1254 ore

71 1308 138 1385 Quo
171 1309 281 1390 generi
314 1308 473 1372 scelerum
506 1328 627 1391 penam
661 1309 814 1373 omnibus
847 1309 968 1390 irroget

787 1431 917 1510 aptam:

68 1546 135 1610 Hoc
156 1547 240 1611 ferat
261 1548 391 1610 eternos
413 1565 509 1628 gyros
532 1546 651 1610 Ixionis
674 1547 783 1611 orbis,

69 1665 171 1748 Copia
192 1665 352 1730 Tantaleo
374 1665 443 1729 sitis
466 1669 499 1729 et
521 1665 615 1729 famis
638 1673 751 1747 urgeat
772 1666 861 1730 illam

24 1800 43 1836 u
68 1785 154 1849 Inter
175 1803 281 1866 aquas
302 1783 432 1865 refugas
455 1789 487 1848 et
509 1785 659 1866 proxima
680 1804 781 1867 poma
802 1784 934 1866 palato.
1021 1825 1023 1832 ,

67 1903 123 1968 llla
144 1902 290 1968 Medusei
312 1922 423 1967 morsu
446 1903 621 1968 laceranda
642 1903 777 1967 molossi
900 1875 911 1907 ⁸

66 2023 139 2086 Non
161 2022 321 2086 moritura
343 2025 454 2086 tamen
477 2040 537 2086 nec
560 2023 755 2087 delirnctura
777 2022 913 2086 dolore.

66 2142 124 2205 Illa
146 2142 208 2206 sub
230 2141 309 2204 aerii
331 2141 462 2206 sudabit
483 2142 604 2206 vertice
626 2142 746 2206 montis

66 2260 255 2324 Exercenda
276 2263 335 2323 tuo
357 2260 483 2324 ruituro
507 2260 635 2342 Sisiphe
658 2280 758 2324 saxo.

23 2395 42 2432 ιι
66 2380 184 2443 Vultur
206 2379 289 2443 edax
312 2379 410 2442 aliam
431 2383 539 2444 rostro
562 2379 739 2444 terebrabit
761 2379 911 2443 adunco.

66 2500 115 2562 Sit
138 2517 270 2580 quoque
292 2497 431 2562 Letheas
454 2518 519 2580 que
540 2497 797 2581 perstillantihus
820 2496 909 2560 vrnis

65 2619 122 2701 (Vt
143 2617 252 2699 proles
274 2615 392 2702 Danai)
414 2620 549 2700 pertusa
570 2617 604 2681 in
627 2617 715 2682 dolia
736 2636 864 2698 semper

65 2737 198 2801 Fundat
221 2755 325 2818 aquas
347 2735 485 2800 nimium
507 2755 594 2801 vano
616 2736 824 2818 impedienda
846 2735 977 2799 labore.

65 2857 107 2920 nt
129 2855 250 2920 chorus
273 2834 491 2919 Eumenidum
514 2875 611 2919 seuus
634 2855 773 2919 stridore
794 2855 911 2936 flagelli

23 2991 38 3028 n
65 2975 196 3056 lnssigat
218 2993 322 3056 penas
344 2974 415 3037 aliis
437 2973 655 3056 pendentibus
678 2993 759 3038 aura

65 3093 205 3157 Sublimi
226 3093 364 3174 pedibus
388 3112 518 3156 sursum
541 3092 688 3173 colloque
710 3093 863 3156 deorsum

65 3213 235 3277 Conuerso
248 3261 255 3276 .
268 3212 421 3275 manibus
444 3212 573 3275 crudele
594 3211 628 3275 in
644 3209 743 3292 'terga
764 3211 892 3275 reflexis
906 3261 913 3275 .

64 3331 193 3396 Christe
216 3351 282 3412 quo
301 3350 406 3411 usque
423 3333 518 3394 tuum
535 3332 670 3412 serpant
686 3349 744 3411 per
761 3330 846 3394 ouile
863 3349 990 3395 venena

768 3449 784 3501 9
