2984 4256
369 405 526 455 Lamentatio
544 405 659 456 ecclesie.
935 397 975 464 27

62 587 219 653 culcandis
254 591 286 653 et
320 589 467 654 Christus
501 594 535 654 et
567 606 681 652 omnes
720 588 789 652 eius
828 587 976 670 discipuli

60 708 137 786 grati
159 709 289 773 luerunt
307 709 376 772 Deo
395 709 485 772 Patri
507 710 522 772 Ρ
545 708 629 772 Hinc
652 707 728 772 hinc
751 708 887 790 inquam
909 705 976 772 iao-

61 829 126 889 tum
157 831 205 892 est
239 828 317 912 (heu
346 828 452 912 dolor)
481 829 571 910 quod
603 829 691 892 bona
724 825 976 892 christianorum

59 963 130 1024 pars
151 947 183 1011 et
207 965 283 1011 oum
305 948 355 1011 his
378 947 538 1029 sapientie
556 944 788 1028 religionisque
807 947 856 1031 (vt
874 943 975 1010 videri

27 1064 180 1152 svolunt)
211 1067 374 1131 antistites
403 1069 490 1130 recte
519 1054 554 1130 se
584 1064 681 1130 deum
715 1065 853 1129 coluisse
880 1033 976 1148 putat

58 1183 82 1244 si
114 1185 235 1266 templa
268 1185 295 1248 si
328 1188 435 1280 turres
468 1183 495 1249 si
528 1185 617 1267 regie
645 1184 780 1267 pellatia
806 1186 975 1249 ventribus

57 1302 247 1380 quibusdam
277 1305 395 1369 ociosis
424 1305 527 1386 erigat
554 1305 581 1368 si
609 1304 672 1368 hoe
694 1307 786 1368 curet
806 1308 842 1367 vt
865 1302 976 1370 omnia

57 1420 204 1486 hostibus
228 1424 360 1505 organis
382 1423 514 1488 musicis
536 1422 687 1487 cantibus
708 1437 777 1486 non
805 1421 975 1487 intellectis
1070 1427 1073 1434 '

56 1539 203 1606 intonent
227 1591 235 1606 .
258 1542 285 1606 si
314 1543 383 1606 sole
410 1542 539 1606 lucente
565 1538 645 1605 nihil
673 1545 784 1605 tamen
813 1538 879 1605 non
903 1557 976 1606 cere

23 1673 32 1705 ⁰
56 1659 180 1741 oleique
208 1657 427 1743 perdatur.si
455 1661 557 1725 serice
578 1659 785 1741 Attalicaque
818 1663 909 1724 veste
941 1660 975 1726 in

54 1780 173 1862 templo
196 1779 317 1845 nebulo
340 1779 504 1862 quispiam
526 1779 649 1861 fulgeat
670 1776 869 1860 pauperibus
891 1773 975 1843 inte·

54 1897 112 1960 rim
134 1899 243 1963 inedia
265 1901 297 1963 et
320 1899 429 1980 algore
451 1897 663 1980 pereuntibus
682 1947 689 1961 .
708 1894 735 1961 si
757 1897 866 1962 statue
893 1914 974 1963 auro

54 2019 83 2078 et
105 2017 242 2098 argento
263 2019 439 2099 plusquam
462 2015 623 2098 gentiliter
644 2019 844 2081 exornentur
885 2015 973 2080 Ante
991 2003 1295 2098 0stularnrengionemx

53 2137 179 2200 statuas
207 2138 241 2200 et
267 2136 425 2217 imagines
454 2153 561 2217 genua
588 2133 748 2208 flectimus
777 2135 877 2216 caput
911 2155 974 2199 nu-

22 2269 30 2304 r
54 2253 168 2318 damus
191 2255 224 2319 et
241 2255 420 2318 confratres
437 2253 738 2336 commilitonesque
755 2256 885 2319 nostros
908 2253 974 2318 imo

53 2377 183 2438 sanctos
206 2373 331 2438 celestis
359 2374 465 2455 patrie
492 2374 643 2440 concines
671 2370 746 2436 elati
777 2373 971 2454 preterimus
989 2392 1060 2470 nege
1101 2390 1146 2469 ee·
1173 2390 1222 2439 uae
1256 2405 1283 2438 re

22 2531 25 2538 ·
53 2492 292 2556 contemnimus
305 2541 312 2554 .
325 2493 433 2557 statue
451 2496 485 2556 et
499 2491 617 2582 alteria
635 2491 762 2574 magnis
787 2489 972 2574 sumptibus
989 2458 1214 2591 {iffianffl}
1231 2457 1284 2574 viat}

52 2610 173 2674 frustra
206 2611 409 2674 adornantur
442 2611 475 2675 et
508 2610 557 2674 tot
586 2607 853 2692 virguncularum
881 2609 973 2692 puel·
1060 2594 1214 2644 ⁰¹⁶¹i⁶⁰³¹¹¹¹·

52 2729 224 2811 larumque
267 2729 424 2811 pudicitia
468 2727 511 2792 ob
559 2730 731 2811 penuriam
775 2729 975 2811 periclitatur

22 2849 116 2913 rTot
144 2849 194 2932 (vt
224 2847 257 2910 id
284 2849 446 2933 repetam)
480 2863 589 2912 cereos
619 2851 651 2912 et
685 2847 853 2930 lampades
887 2848 975 2913 clara

50 2968 103 3031 die
136 2967 321 3032 accendunt
334 3015 341 3030 .
354 2985 457 3049 quum
483 2966 614 3031 interim
641 2966 751 3030 multis
779 2966 974 3031 mulierculis
993 2985 1125 3034 nonanus
1148 2983 1209 3063 qum
1231 2999 1283 3032 non

50 3086 189 3151 candela
206 3086 249 3150 ad
267 3103 367 3167 quarn
384 3089 484 3150 noctu
502 3087 679 3168 operentur
692 3085 775 3150 desit
807 3085 928 3149 Verum
939 3087 975 3149 vt
992 3061 1228 3185 {{ft{sp‘{{{“ff{ur⁵e
1241 3067 1284 3168 {21

49 3206 184 3270 redeam
216 3205 303 3268 vnde
336 3205 498 3286 digressus
532 3223 605 3268 sum
638 3203 782 3268 Vestitus
818 3203 871 3267 hio
904 3205 975 3268 erat
991 3190 1126 3320 gfflff
1136 3189 1286 3320 dlifrigepaRtris

49 3324 190 3406 simplex
214 3370 221 3386 .
244 3339 304 3388 nec
342 3323 369 3386 is
407 3327 518 3387 tamen
558 3322 757 3404 proscriptus
787 3371 795 3385 .
823 3321 880 3387 sed
913 3338 973 3386 suo
1068 3325 1206 3374 Benedicti·
