2984 4256
381 403 539 453 Lamentatio
557 403 673 452 ecclesie.
949 399 986 461 13

60 589 154 653 Vnde
180 588 372 672 hyperionia
394 587 499 669 surgit
521 589 576 651 lux
598 588 750 669 lampade
771 586 860 650 clara

60 708 174 789 Atque
198 707 253 771 vbi
275 723 310 771 se
332 707 450 788 mergit
472 706 660 770 circumfluo
683 706 716 768 in
734 725 855 787 equore
867 705 987 768 Titan.

60 826 213 908 Occupat
257 827 430 908 imperium
473 825 560 889 Mars
612 825 881 905 sanguinolentus
917 873 924 886 .
956 830 988 887 et

784 963 917 1007 omnem

62 1061 227 1128 Bellisono
250 1064 388 1158 fremitu,ยน
403 1063 564 1127 mundum
587 1064 694 1146 quatit
707 1111 714 1126 .
727 1063 760 1126 in
783 1082 843 1126 sua
866 1063 937 1126 iura

28 1207 38 1243 s
61 1181 133 1245 Non
158 1183 261 1246 modo
283 1184 380 1247 turba
402 1183 509 1246 virum
532 1183 589 1246 sed
613 1183 769 1246 femineus
792 1182 857 1244 ruit
885 1181 986 1244 ordo.

62 1299 111 1364 Ira
134 1302 252 1365 odium
274 1302 408 1366 comites
422 1351 428 1365 .
441 1301 613 1382 luctusque
635 1302 798 1382 timorque
819 1301 971 1381 mineqne

61 1418 182 1484 insidia
197 1471 204 1484 .
217 1421 347 1485 fraudes
360 1470 367 1484 .
380 1421 498 1484 iniuria
512 1471 518 1483 .
530 1421 645 1501 visque
667 1421 784 1501 rapina
797 1468 804 1482 .

63 1536 193 1603 Corruit
217 1543 295 1603 ante
318 1541 403 1603 diem
425 1539 569 1604 fraterno
592 1539 725 1602 vulnere
748 1539 847 1602 irater

61 1655 161 1722 Filius
186 1659 353 1740 abrumpit
375 1659 487 1722 fatalia
510 1659 650 1722 stamina
672 1659 775 1739 patris

18 1801 39 1837 o
63 1775 100 1838 Et
124 1778 218 1858 gnati
242 1779 518 1858 genitor.nature
541 1779 610 1858 lege
633 1778 780 1841 minuta.

63 1893 142 1990 Filia
164 1900 334 1960 maternos
356 1897 500 1960 monitus
524 1897 727 1978 contempnit
750 1900 781 1960 et
805 1895 873 1959 odit

63 2012 191 2079 Rursus
216 2020 248 2079 et
271 2017 304 2079 in
327 2019 444 2096 gnatas
467 2016 643 2096 frigescunt
666 2017 799 2097 pectora
822 2010 965 2077 matrum

63 2129 135 2196 Non
159 2135 276 2198 eadem
300 2135 446 2216 geminas
468 2135 639 2216 patiuntur
664 2139 751 2198 tecta
774 2153 901 2197 sorores

64 2249 136 2315 Non
159 2271 254 2319 socer
271 2254 304 2317 in
323 2270 478 2334 generum
491 2302 498 2316 .
511 2273 579 2317 non
597 2254 630 2316 in
648 2273 778 2317 socrum
795 2273 898 2318 nurus
915 2254 986 2335 ipsa

21 2395 42 2431 o
66 2367 205 2437 Pectora
227 2373 293 2436 fida
316 2373 417 2453 gerit.
431 2373 489 2436 sed
511 2374 599 2436 enim
621 2372 768 2436 mirabile
791 2373 878 2436 dictu

65 2483 152 2562 Quos
176 2489 264 2555 idem
286 2492 392 2572 iungit
414 2464 516 2555 lectus
540 2491 701 2556 discordia
723 2492 863 2573 frangit.

66 2604 214 2675 Hecubi
235 2611 285 2674 vis
308 2611 420 2674 Martis
443 2614 546 2674 terras
570 2615 717 2692 grassata
736 2611 797 2693 'per
820 2631 933 2674 omnes

65 2722 98 2786 In
121 2748 182 2794 sua
207 2731 307 2794 verba
329 2730 477 2793 homines
501 2729 603 2794 victos
626 2731 733 2795 iurare
756 2731 860 2811 coegit

66 2840 205 2925 Legibus
228 2848 388 2930 impositis
411 2849 548 2930 spatiosi
566 2849 669 2912 *limite
692 2849 782 2930 regni

22 2987 42 3025 20
66 2959 136 3028 Non
159 2968 290 3049 expleta
312 2972 423 3032 tamen
447 2969 516 3031 sitis
539 2971 571 3031 ot
593 2971 749 3031 contenta
772 2969 908 3049 quiescit

66 3078 115 3144 Ad
138 3103 276 3169 superos
298 3087 431 3151 molitur
453 3088 514 3150 iter
527 3137 534 3150 .
547 3087 703 3168 coeloque
725 3087 823 3168 potiri

67 3195 215 3282 Cogitat.
229 3206 387 3270 astricolis
410 3205 509 3269 veteri
534 3206 574 3270 de
597 3205 673 3270 sede
695 3205 814 3286 iugatis

68 3315 99 3380 Si
122 3301 230 3390 faueat
254 3328 399 3389 voto.et
422 3324 449 3388 si
473 3325 588 3409 [adsit]
612 3326 744 3389 fortuna
767 3323 870 3388 labori
