2904 4330
528 421 569 480 28
844 426 1001 476 lamentatio
1019 426 1133 476 ecclesie.

527 605 645 688 cuique
678 609 813 673 arbitrio
851 611 1003 692 sumptus
1033 658 1041 674 .
1069 629 1136 674 non
1175 610 1233 691 qui
1270 611 1435 692 prodigiose

527 725 677 790 nouitate
705 727 825 792 laceret
852 727 1013 809 insignem
1041 732 1074 792 et
1096 727 1197 809 digito
1221 729 1429 795 demonstran·

526 843 605 908 dum
629 893 637 908 .
660 845 718 909 sed
747 847 803 928 qui
830 847 1070 930 simplicitatem
1100 847 1320 912 christianam
1343 865 1429 931 prese

526 961 623 1027 ferret
652 1011 660 1027 .
688 964 783 1030 Nunc
816 984 893 1030 vero
932 985 971 1031 ex
1011 965 1081 1030 solo
1125 966 1242 1030 habitu
1284 949 1435 1036 estimatur}

525 1083 708 1147 monachus
742 1088 841 1164 atque
872 1083 915 1149 ob
945 1084 1042 1149 huius
1070 1085 1315 1166 depositionem
1344 1083 1435 1158 insanit

525 1203 678 1282 apostate
699 1203 832 1268 nomine
855 1203 1041 1286 proximum
1064 1204 1235 1268 traducere
1259 1225 1332 1270 non
1354 1205 1435 1288 pudet

525 1321 624 1384 etiam
665 1340 721 1384 eos
760 1321 816 1403 qui
855 1322 976 1388 summi
1016 1322 1149 1386 ecclesie
1187 1342 1345 1404 proceres
1381 1339 1427 1387 ess

524 1437 640 1502 volunt
681 1439 764 1504 Tam
784 1460 902 1505 sanum
921 1441 1041 1505 scilicet
1058 1445 1109 1504 est
1125 1441 1176 1504 his
1194 1443 1349 1524 patribus
1365 1461 1427 1506 rere

522 1556 619 1620 hrum
663 1558 744 1622 Tele
771 1557 896 1623 habent
930 1559 1086 1623 iudicium
1110 1608 1117 1623 .
1140 1559 1197 1641 qui
1226 1561 1276 1624 sal
1300 1582 1371 1626 esse
1390 1581 1427 1622 ro

522 1674 595 1739 lunt
617 1679 702 1741 terre
742 1677 827 1742 Tam
849 1678 977 1758 egregie
1000 1679 1134 1760 sapiunt
1147 1727 1155 1742 .
1169 1679 1226 1760 qui
1250 1698 1367 1744 omnes
1387 1697 1426 1742 uo:

522 1813 562 1858 ex
585 1794 652 1858 suis
675 1796 862 1878 prescriptis
880 1796 980 1860 veluti
1003 1796 1122 1860 diuinis
1144 1797 1284 1862 oraculis
1309 1800 1427 1881 pendere

521 1913 638 1977 volunt
662 1963 669 1978 .
692 1915 913 1997 paruiiaciunt
960 1916 1156 1997 quibuscum
1198 1916 1295 1980 viuas
1321 1935 1427 1999 ,quau

521 2031 565 2095 sis
597 2033 756 2116 corruptis
789 2034 936 2099 moribus
960 2056 968 2097 ε
991 2035 1173 2099 sordidum·
1190 2036 1370 2116 cappulam
1388 2037 1427 2098 ‚d

522 2150 567 2214 sic
590 2150 706 2232 loquar
724 2202 732 2216 .
750 2153 776 2216 si
800 2153 947 2234 deponas
960 2202 967 2217 .
980 2156 1017 2217 vt
1038 2153 1217 2218 hereticum
1236 2158 1294 2217 ,vt
1319 2153 1426 2218 ecclesie

520 2270 649 2334 hostem
677 2272 719 2336 ad
747 2275 887 2337 mortem
914 2291 1018 2355 vsque
1046 2277 1078 2336 te
1107 2277 1356 2354 persequuntur
1385 2269 1434 2336 Sel

521 2389 601 2471 quid
623 2390 742 2454 horum
759 2389 911 2454 iuditium
928 2391 1064 2455 alicuius
1081 2391 1181 2456 iacias
1199 2393 1306 2458 amice
1324 2389 1434 2464 lectori

519 2508 563 2572 Hi
595 2508 658 2590 ipsi
692 2509 773 2574 tales
806 2509 906 2573 etiam
942 2513 1021 2574 sunt
1043 2557 1050 2573 .
1073 2514 1109 2574 vt
1142 2511 1170 2573 si
1197 2531 1299 2593 neges
1331 2507 1426 2577 Christi

453 2699 455 2704 ,
518 2630 660 2691 mortem
689 2677 696 2691 .
727 2629 754 2691 si
788 2627 908 2692 Christi
946 2629 1104 2693 iustitiam
1128 2677 1135 2693 .
1158 2648 1227 2693 non
1261 2641 1343 2695 sunt
1377 2645 1426 2710 egre

519 2746 616 2810 laturi
645 2795 652 2810 .
682 2747 782 2811 modo
821 2747 900 2830 ipsis
938 2748 1109 2830 permittes
1148 2767 1246 2814 suum
1280 2759 1425 2831 questum

208 2869 331 2948 Votorum
348 2869 417 2918 nulla
432 2879 502 2948 eraut
519 2864 650 2942 fastum,
673 2885 751 2929 suas
773 2866 974 2944 venationes,
1003 2885 1080 2930 suas
1103 2866 1230 2931 delitias
1254 2916 1262 2931 .
1284 2868 1425 2934 Votorum

209 2938 501 3056 vetmbvuzcuffionachls
519 2983 554 3047 in
577 2984 862 3071 hoc-monachatu
884 2985 975 3050 nulla
1003 2991 1097 3048 erant
1125 2985 1283 3049 vincula.
1305 2988 1425 3068 denique

518 3103 545 3166 si
563 3122 662 3185 quem
678 3103 762 3168 forte
779 3103 830 3167 sui
847 3103 987 3167 instituti
1003 3103 1197 3185 penituisset
1209 3153 1216 3167 .
1228 3106 1302 3169 iota
1314 3107 1426 3170 demur

417 3299 419 3302 ¹
453 3199 456 3204 ⁵
516 3241 604 3305 pena
623 3227 693 3287 erat
711 3223 930 3286 inconstantie
948 3228 1028 3288 nota
1073 3222 1119 3285 At
1137 3223 1192 3303 qui
1209 3223 1299 3287 hisce
1318 3231 1424 3305 tempo·

516 3341 607 3406 ribus
632 3391 639 3404 .
663 3342 782 3422 quibus
810 3341 936 3404 artibus
960 3389 967 3419 ‚
991 3341 1079 3423 quali
1109 3341 1239 3423 pietatis
1262 3347 1422 3424 pretextu,
