2984 4256
372 395 531 446 Lamentatio
548 396 662 446 ecclesie.
963 394 980 455 7

53 582 137 645 iuris
165 600 233 644 non
261 580 457 644 mediocrem
487 581 638 663 peritiam
660 580 907 645 humanioribus
930 581 982 644 lit-

54 701 136 764 teris
165 706 214 764 est
243 700 496 783 litteratissimus
522 704 526 783 1
552 700 612 764 Cui
647 700 689 764 ob
718 700 915 781 singularem
948 701 982 763 in

53 839 109 884 me
130 819 396 884 beneuolentiam
417 839 484 884 non
501 823 632 903 tantum
649 820 797 883 fortunas
815 839 905 882 meas
925 821 980 882 sed

54 938 223 1020 meipsum
246 957 378 1020 quoque
401 939 503 1004 debeo
530 944 533 1021 l
560 942 691 1003 tantum
719 940 811 1002 abest
834 944 868 1002 vt
892 939 982 1020 quic-

18 1077 28 1112 ε
55 1076 161 1137 quarn
189 1058 240 1121 vel
268 1058 409 1122 audeam
431 1059 482 1122 vel
505 1059 642 1122 debeam
665 1078 812 1140 vnquam
833 1077 983 1122 recusare

55 1177 148 1256 quod
189 1196 265 1240 enm
305 1197 503 1259 magnopere
544 1177 624 1242 velle
663 1177 842 1258 intelligam
908 1177 982 1240 Non

53 1295 250 1360 Rethorices
273 1303 331 1360 aut
353 1296 541 1361 Dialectioes
570 1298 742 1374 encomion
761 1347 768 1360 .
786 1317 854 1360 non
876 1296 982 1378 philo-

54 1415 174 1497 sophie
203 1415 422 1497 patrocinium
455 1415 530 1481 Non
558 1416 716 1498 sapientie
745 1415 875 1478 laudern
908 1415 983 1478 Non

54 1534 200 1616 denique
230 1535 412 1599 studiorum
436 1535 681 1616 omniumque
703 1535 765 1598 hac
788 1537 983 1616 tempestate

6 1671 29 1709 n
54 1653 160 1717 veluti
177 1653 219 1717 ab
237 1653 347 1717 inferis
365 1654 408 1718 ad
425 1673 560 1736 superas
578 1674 674 1718 auras
692 1657 847 1717 reuocata
864 1653 983 1717 reuiui-
1012 1669 1023 1682 ·

55 1776 157 1837 scunt
175 1822 182 1837 .
200 1792 395 1855 prosperum
424 1793 609 1837 successum
632 1767 812 1837 'numerosa
835 1773 982 1835 oratione

54 1897 292 1973 prosecuturus
304 1891 400 1956 venio
421 1895 424 1974 l
445 1892 713 1974 quandoquidem
725 1893 765 1955 de
778 1892 816 1955 iis
830 1891 982 1954 omnibus

55 2012 181 2076 multas
203 2011 381 2075 multorum
404 2031 471 2075 uon
490 2011 688 2093 inelegantes
707 2011 869 2074 orationes
888 2009 982 2073 annis

56 2130 282 2212 superioribus
310 2130 353 2194 ad
382 2150 542 2194 nauseam
568 2149 671 2211 usqne
700 2149 768 2193 non
797 2129 895 2193 semel
923 2149 982 2193 au-

7 2266 30 2304 u
57 2248 188 2313 diuistis
242 2249 364 2314 Verum
397 2251 529 2314 ecclesie
563 2249 729 2331 querelam
769 2268 826 2312 seu
845 2298 851 2311 .
871 2249 897 2311 si
937 2248 983 2311 sio

56 2367 463 2435 vultis.lamentacionem
496 2368 643 2433 versibus
676 2368 818 2450 vulgaris
852 2371 983 2431 monete

56 2484 160 2550 Musis
188 2486 272 2551 bene
298 2488 542 2552 fortunentibus
570 2488 677 2551 visum
705 2491 756 2551 est
782 2487 861 2551 mihi
886 2488 983 2551 hodie

56 2604 235 2670 decantare
254 2655 261 2670 .
279 2606 378 2688 idque
421 2626 489 2670 non
528 2610 595 2670 tam
635 2605 756 2688 ingenii
796 2606 984 2670 ostentandi
1022 2631 1044 2647 κ

56 2743 161 2804 quam
189 2726 386 2790 exercitandi
409 2725 514 2807 gratia
535 2726 673 2814 faciam.
687 2746 753 2789 non
784 2725 873 2808 quod
895 2727 983 2789 viam

7 2858 31 2895 2⁰
57 2845 199 2909 aliorum
227 2844 366 2926 pedibus
394 2845 505 2908 tritam
539 2846 836 2927 contempnendam
865 2846 983 2909 ducam

57 2965 107 3047 (vt
139 2964 229 3028 scioli
257 2964 392 3046 quidam
419 2963 502 3029 forte
529 2963 707 3050 somnient)
742 2964 806 3028 Sed
834 2964 910 3045 quia
941 2964 982 3028 ab

56 3083 266 3149 incunabulis
289 3085 338 3167 (rt
360 3084 466 3168 aiunt)
490 3083 532 3148 ad
549 3084 731 3148 orationem
749 3084 885 3166 pedibus
902 3083 982 3165 liga-

55 3205 129 3266 tam
147 3221 248 3284 quam
265 3203 407 3267 solutam
423 3203 527 3285 magis
545 3203 680 3267 affectus
698 3202 824 3266 fueram
840 3223 981 3284 semper.

58 3319 213 3386 Ceterum
231 3323 266 3385 vt
289 3321 378 3402 quod
400 3321 569 3404 inceptum
591 3327 640 3386 est
662 3340 700 3385 eo
724 3322 845 3387 felicius
868 3326 982 3386 exeat.
1034 3294 1040 3310 ’
