2904 4330
344 425 502 475 Lamentatio
519 425 634 474 ecclesie.
912 417 952 482 93

14 681 264 765 Franciscus
276 679 519 762 Vormcrrlns
539 673 818 779 Malnogensis
833 675 954 760 Vrbis

61 831 282 898 Ecclesiastes
307 831 491 896 Christiano
516 831 626 895 lectori
655 828 794 912 gratiam
817 807 911 910 optat

267 953 299 1014 et
321 965 437 1033 pacem
460 965 518 1032 per
540 950 716 1014 Christum.

216 1274 217 1277 ,
250 1221 372 1286 odistin
390 1221 506 1286 Lector
517 1213 627 1286 ‘amice
644 1221 881 1285 lamentantem
900 1235 953 1284 ec·⁸

250 1341 405 1405 clesiam?
427 1338 556 1405 Miseret
575 1358 617 1404 ne
633 1341 725 1405 tante
738 1337 953 1404 calamitatis?

19 1690 290 1781 pernitiosissimi
325 1698 358 1761 et
391 1696 551 1761 senissimi
581 1693 828 1779 persecutores?
861 1691 954 1761 facile

20 1817 56 1881 id
88 1829 252 1898 agnoscas
281 1816 315 1894 ni
343 1815 436 1880 fallor
463 1813 497 1880 ln
525 1812 595 1880 istis
629 1831 769 1897 qnorum
803 1811 953 1897 impietas

21 1934 234 2000 manifestior
261 1934 311 1998 est
339 1949 440 2015 quarn
472 1939 508 1999 vt
541 1935 642 1999 latere
674 1935 804 2016 possit
832 1934 953 1998 Verum

22 2069 134 2135 quum
151 2055 244 2116 extra
255 2053 342 2117 hunc
360 2053 472 2117 album
490 2053 671 2118 etiamnum
689 2071 724 2118 se
735 2047 884 2135 abripere
895 2067 953 2117 an·
1024 2057 1028 2067 “

22 2173 81 2236 dio
103 2171 267 2252 quosdam
278 2170 576 2236 cucullatosluerit
595 2171 681 2236 certe
697 2188 796 2254 opere
812 2172 954 2255 pretinm

23 2292 129 2355 etiam
152 2291 271 2354 honam
292 2290 479 2354 institutum
509 2309 548 2354 ex
570 2287 751 2355 Hieronimi
782 2305 841 2374 per
862 2308 954 2372 mag·

23 2427 109 2473 num
141 2407 232 2471 illum
253 2407 426 2473 Erasmum
448 2408 708 2474 Roterodamum
737 2405 955 2491 descriptione
1037 2399 1039 2402 ’

23 2526 175 2591 indicare
187 2575 194 2590 .
208 2528 308 2608 atque
325 2527 479 2592 antithesi
496 2527 640 2611 quadarn
657 2544 752 2593 veros
774 2528 954 2593 monachos

24 2662 105 2710 curn
133 2645 184 2708 his
213 2644 268 2728 qui
296 2647 358 2710 hac
386 2649 500 2712 nostra
526 2647 613 2712 etate
635 2667 670 2711 se
692 2647 872 2712 monachos
895 2665 953 2712 va·
972 2613 1263 2732 Mffiffiaffiffu'

23 2765 164 2829 nissime
187 2763 365 2846 gloriantur
387 2781 584 2848 componere
601 2814 609 2829 .
626 2767 662 2829 vt
689 2762 787 2830 etiam
810 2761 863 2829 hic
884 2783 953 2830 rem

24 2883 163 2949 ecclesie
201 2883 496 2964 deploratissimam
534 2899 604 2949 esse
642 2883 753 2948 rideas
814 2883 953 2949 Omnem
971 2834 1263 2953 iiiiiieicclffsiiaiif

24 3003 163 3082 culpam
180 3000 232 3064 isti
254 3001 401 3067 abiciunt
422 3003 456 3066 in
478 3003 648 3084 episcopos
671 3009 703 3066 et
725 3000 857 3067 ecclesie
876 3019 953 3084 prce
969 2971 1264 3102 ffit‘fflffneffi‘i'e'

24 3137 129 3196 ceres,
153 3119 294 3202 solisque
316 3119 354 3183 iis
378 3121 409 3184 et
432 3120 631 3185 secularibus
653 3119 691 3184 ut
712 3123 833 3185 vocant
854 3118 953 3184 sacri·
970 3107 1185 3224 P‘oe‘mffiugtffill
1206 3107 1264 3156 'eii’

24 3238 99 3304 ficis
124 3240 259 3320 accepta
276 3239 386 3304 ferunt
402 3239 491 3303 mala
508 3257 573 3322 que
590 3237 761 3321 patiuntur
774 3288 781 3303 .
794 3239 820 3302 si
843 3240 955 3304 tamen
1149 3212 1155 3225 ⁹

26 3358 119 3423 mala
137 3355 200 3420 dici
217 3357 360 3422 debeant
373 3407 380 3422 .
393 3360 425 3422 et
442 3374 510 3422 non
526 3357 636 3440 potius
652 3357 740 3421 bona
753 3405 760 3421 .
774 3353 909 3439 quando
926 3353 954 3423 si
