2984 4256
530 421 550 483 2
683 461 689 472 ,
827 422 1001 477 ,ΙΑιηειιῐαῖίο
1018 421 1134 471 ecclesie.

529 626 671 709 Petrus
698 626 903 729 laurentii
935 624 1104 708 inutilis
1129 625 1276 729 Christi
1311 649 1458 712 seruus

551 777 698 842 Candido
715 778 841 860 Lectorj
866 778 1004 860 gratiam
1027 781 1120 860 optat
1143 782 1176 842 et
1193 797 1309 860 pacem
1326 799 1346 843 a
1363 779 1432 844 Deo

693 898 791 962 Patre
813 902 926 962 nostro
949 901 982 960 et
1004 896 1144 960 Domino
1166 901 1281 961 nostro

880 1016 955 1080 Jesu
978 1015 1106 1080 Christo

752 1343 795 1388 on
818 1327 867 1387 est
891 1342 1021 1388 necesse
1043 1323 1159 1386 Lector
1180 1321 1294 1386 Amice
1312 1323 1459 1388 Carmen
1483 1342 1490 1376 ⁵

751 1444 813 1506 hoc
844 1443 947 1526 (quod
969 1442 1101 1506 ecclesie
1124 1441 1315 1506 lamentatio
1338 1442 1460 1506 inscri-

712 1598 722 1617 ο
751 1562 851 1646 bitur)
879 1565 915 1625 vt
937 1561 995 1642 tibj
1026 1561 1253 1625 commendem
1302 1560 1353 1624 Tu
1383 1561 1460 1644 ipse

751 1681 847 1745 velim
870 1681 957 1762 legas
988 1684 1020 1744 et
1033 1680 1150 1762 'posito
1173 1680 1292 1744 affectu
1315 1682 1347 1744 et
1368 1682 1460 1744 veri-

527 1799 603 1862 tatis
627 1799 701 1863 odio
725 1800 891 1881 expendas
913 1818 980 1863 non
1003 1799 1046 1863 ad
1063 1799 1214 1863 Lesbiam
1232 1799 1289 1862 sed
1307 1798 1458 1864 veritatis

527 1919 670 1998 regulam
733 1920 842 2000 Atque
882 1918 1086 2000 glaucomate
1124 1917 1246 1982 inuidia
1280 1938 1300 1981 a
1333 1920 1490 1983 mentis¹

529 2038 623 2101 oculo
651 2043 777 2102 remoto
810 2037 955 2154 prudens
982 2037 1090 2101 iudica
1145 2037 1257 2118 Neque
1285 2037 1372 2100 enim
1400 2057 1459 2102 me

529 2156 607 2219 latet
636 2157 725 2238 quod
753 2157 799 2220 ait
826 2157 1026 2221 Mantuanus
1053 2157 1106 2220 ille
1128 2155 1277 2238 Baptista
1328 2155 1460 2222 Inuidie

527 2275 643 2339 morbo
671 2295 805 2357 presens
834 2276 919 2339 male
947 2276 1069 2339 iudicat
1097 2280 1167 2339 etas
1225 2273 1288 2352 Qui
1316 2275 1459 2340 morbus

527 2395 593 2458 iam
616 2414 671 2459 eos
694 2395 901 2476 potissimum
923 2395 1044 2459 inuasit
1067 2396 1221 2478 (quorum
1246 2393 1345 2457 etiam
1362 2396 1457 2478 cordj
1490 2475 1491 2478 Ἴ

528 2516 591 2579 alte
619 2515 738 2578 infixus
766 2517 828 2599 est)
859 2514 914 2596 quj
944 2518 1132 2596 contempto
1161 2519 1193 2576 et
1222 2517 1298 2594 post
1321 2517 1457 2594 tergum
1484 2501 1491 2570 l

527 2634 672 2716 proiecto
705 2636 805 2698 verbo
834 2633 891 2716 Dej
912 2683 918 2696 .
936 2633 1082 2697 veritatis
1121 2632 1235 2696 inditio
1260 2680 1267 2694 .
1290 2632 1459 2698 mundum

527 2758 710 2835 sequuntur
732 2760 764 2817 et
786 2754 925 2834 diligunt
943 2802 950 2816 .
968 2752 1024 2833 qui
1047 2771 1120 2815 cum
1144 2727 1249 2833 praua
1273 2756 1459 2832 grauantur

526 2878 559 2937 et
581 2874 789 2938 adflictentur
810 2872 967 2936 scelerum
989 2870 1186 2934 conscientia
1205 2869 1322 2933 nolunt
1339 2846 1457 2936 tamen
1489 2873 1490 2952 l

526 3014 650 3058 errores
686 2995 747 3077 [et]
782 2993 886 3056 malos
919 3009 1026 3054 mores
1060 2989 1144 3054 veris
1181 2989 1386 3052 orationibus
1423 2999 1457 3055 et
1489 2969 1490 2987 ἓ

526 3113 621 3176 certis
645 3111 844 3194 argumentis
873 3109 968 3191 prodj
997 3113 1033 3172 vt
1055 3109 1180 3172 mundo
1208 3107 1318 3189 palam
1346 3107 1489 3174 liant.2

397 3273 427 3305 „a
441 3273 482 3304 ura
526 3232 710 3296 Pharisaice
738 3229 824 3294 enim
851 3228 1042 3312 hypocrysis
1076 3231 1126 3291 est
1154 3227 1235 3290 velle
1268 3226 1392 3290 iustam
1422 3231 1456 3292 et

526 3356 674 3417 sanctam
704 3367 861 3430 apparere
889 3347 989 3412 etiam
1016 3365 1089 3410 cum
1119 3346 1329 3412 scelerateet
1351 3346 1456 3428 impie
