2984 4256
512 367 534 430 4
663 433 667 438 Δ
826 371 984 419 Lamentatio
1002 371 1117 420 ecclesie.

514 554 651 619 decretis
679 559 710 619 et
740 555 970 620 traditionibus
1017 553 1057 618 u
1079 553 1217 636 simplex
1238 556 1381 637 populus
1404 560 1437 620 et

513 675 682 738 indoctum
705 676 822 756 vulgus
843 693 902 756 per
918 675 1060 756 abrupta
1077 673 1231 738 vitiorum
1247 674 1438 755 graderetur
1488 675 1489 684 ’

513 813 653 876 sequens
676 795 769 876 alege
791 794 1011 875 ignorantiam
1030 793 1210 858 vanitatem
1228 794 1439 858 mendacium

514 913 699 995 exemplum
721 913 971 978 nocentissimos
993 911 1131 976 istorum
1153 912 1313 994 luporum
1328 933 1439 977 mores

513 1039 682 1114 pastorum
724 1033 857 1096 nomine
893 1032 1069 1096 vanissime
1107 1051 1142 1096 se
1174 1032 1439 1097 venditantium.
1468 1055 1479 1090 ε

513 1151 599 1215 vnde
627 1151 743 1216 merito
771 1152 793 1234 ij
822 1151 995 1216 lamentari
1023 1157 1055 1214 et
1082 1151 1175 1232 queri
1205 1154 1360 1234 poterant
1381 1153 1442 1233 qui

513 1290 590 1334 cum
622 1270 770 1334 viderent
804 1289 838 1333 se
870 1270 981 1334 seduci
1014 1271 1171 1352 exemplis
1204 1273 1237 1334 et
1266 1270 1441 1334 hominum

512 1390 670 1454 doctrinis
704 1409 724 1453 a
756 1389 810 1453 via
848 1387 993 1453 veritatis
1031 1389 1151 1453 abduci
1192 1389 1284 1471 sequi
1326 1393 1441 1454 tamen

514 1509 740 1589 cogebantur.
759 1508 786 1571 si
819 1527 886 1572 non
924 1511 1034 1571 mente
1053 1557 1060 1570 .
1079 1527 1215 1590 corpore
1252 1512 1363 1572 tamen
1407 1513 1442 1574 et

514 1635 648 1692 externa
687 1627 849 1710 hypocrisi
868 1676 875 1690 .
894 1633 1063 1692 cernentes
1096 1627 1227 1691 interim
1265 1627 1441 1709 periclitari
1472 1649 1480 1685 ι

514 1747 673 1829 populum
701 1751 734 1812 et
762 1746 929 1810 ecclesiam
952 1747 1002 1810 vel
1030 1747 1194 1828 hypocrisi
1216 1750 1248 1810 et
1271 1747 1442 1812 mendatio
1488 1769 1489 1818 ξ

514 1867 565 1929 vei
588 1870 699 1948 aperta
725 1866 849 1948 peccati
872 1867 1089 1930 etmalorum
1117 1865 1274 1947 voragine
1328 1865 1442 1930 Donec
1488 1911 1489 1960 p

515 1985 581 2049 iam
603 1983 887 2071 Deibenignitate
904 1985 1041 2048 verbum
1057 1985 1115 2048 Dei
1137 2003 1269 2049 rursum
1286 1985 1443 2066 euigiiare

515 2105 600 2185 cepit
640 2109 672 2167 et
705 2105 855 2168 nonnulii
895 2103 1045 2167 suscitari
1082 2103 1161 2167 boni
1199 2107 1349 2186 pastores
1383 2105 1444 2185 qui

515 2223 615 2286 verbo
657 2223 802 2288 veritatis
843 2226 875 2286 et
913 2241 997 2304 pura
1036 2222 1251 2286 ecclesiastica
1290 2222 1444 2288 doctrina
1475 2221 1489 2280 ι’

515 2346 655 2423 pascant
709 2342 793 2406 Hinc
822 2361 897 2423 spes
930 2347 980 2406 esi
1007 2342 1243 2405 lamentantem
1271 2341 1446 2405 ecelesiam

516 2461 705 2542 postliminii
727 2461 797 2524 iure
819 2460 961 2542 spolium
983 2479 1080 2524 suum
1103 2461 1136 2524 id
1159 2464 1208 2524 est
1229 2461 1366 2524 verbum
1390 2461 1447 2526 dei

515 2587 721 2662 recepturam
751 2581 791 2643 Et
818 2579 852 2643 in
881 2580 965 2643 veris
996 2580 1184 2661 pastoribus
1213 2581 1282 2663 (qui
1304 2589 1449 2661 pascent

406 2719 409 2731 ¹
515 2700 548 2762 in
567 2700 703 2763 veritate
717 2747 723 2762 .
736 2699 842 2763 leticia
864 2703 897 2763 et
919 2699 1118 2763 iocunditate
1141 2699 1287 2784 spiritus)
1307 2698 1447 2779 gauisu-

469 2877 473 2882 .
515 2838 587 2882 ram
623 2819 790 2902 Quidquid
807 2822 918 2882 autem
937 2817 1124 2882 huiusmodi
1142 2818 1202 2882 hec
1218 2819 1318 2882 habet
1335 2819 1448 2882 oratio

516 2938 724 3020 iege.iuditio
737 2938 883 3020 expende
900 2942 932 3002 et
949 2941 1021 3001 turn
1038 2937 1171 3000 demum
1188 2937 1235 3001 fer
1252 2955 1449 3002 censuram.

516 3058 601 3122 Puto
623 3058 683 3121 tibi
705 3059 883 3140 probatum
905 3056 944 3120 iri
967 3075 1005 3119 ac
1027 3055 1224 3138 placiturum
1252 3055 1342 3137 quod
1364 3057 1450 3119 soli·
1488 3087 1489 3154 t

518 3177 596 3240 dum
620 3181 670 3240 est
692 3181 725 3240 et
747 3175 925 3240 christiana
948 3177 1097 3240 subsistit
1118 3176 1263 3251 veritate,
1288 3173 1451 3256 quodque
1488 3157 1489 3246 Ῐ

517 3316 568 3360 res
607 3297 679 3378 ipsa
718 3300 750 3360 ct
790 3295 909 3358 veritas
949 3296 1044 3358 docet
1082 3290 1253 3359 manifeste
1294 3297 1326 3357 et
1366 3299 1453 3360 ante
