2984 4256
384 370 543 420 Lamentatio
560 370 676 420 ecclesie.
974 365 995 429 9

69 555 156 618 Cum
177 555 289 620 madet
311 555 418 620 <imnis
440 555 561 620 humus
585 555 830 634 decurruntque
851 552 995 634 undique

791 671 852 754 riuj

66 793 236 892 Montibus
259 796 292 856 et
313 797 441 858 torrens
463 793 642 874 stagnascit
664 791 802 888 vallibus
824 790 918 856 imis,

68 912 136 976 Cur
158 912 303 977 deiectus
325 911 417 994 humj
440 912 572 978 vultus?
606 930 663 978 cur
685 911 787 977 scissa
809 909 943 991 capillos

67 1031 175 1098 Mesia
197 1031 267 1098 solu
290 1031 411 1096 resides
435 1035 468 1096 et
489 1031 617 1112 plangis
640 1033 773 1112 pectora
795 1029 913 1111 palmis

31 1171 40 1204 ⁵
67 1151 210 1217 Pectora
232 1169 297 1232 que
319 1169 418 1216 canas
441 1150 577 1216 vincunt
599 1148 741 1220 candore
762 1149 897 1234 pruinas

67 1269 302 1350 Sithoniasque
324 1269 417 1335 niues
439 1269 534 1334 Paris
556 1288 632 1336 curn
652 1287 816 1336 marmore
838 1269 947 1338 tenui

67 1388 120 1452 Sic
145 1389 315 1469 quondam
337 1387 441 1452 Niobe
462 1387 512 1450 bis
535 1392 662 1470 septem
684 1388 822 1469 pignora
843 1387 935 1456 fleuit

67 1507 152 1572 (lesa
175 1506 343 1588 sagittiferj
368 1507 489 1572 crudeli
511 1507 645 1574 vulnere
665 1506 812 1588 Phoebj.

68 1626 122 1690 Sic
146 1625 267 1690 luxisse
288 1625 397 1690 lerunt
418 1625 570 1708 Meleagrj
593 1625 662 1693 iata
684 1644 811 1694 sorores

17 1765 40 1802 ιο
67 1746 191 1810 Vltima
214 1744 360 1812 coniecto
383 1744 473 1827 latalj
497 1745 609 1826 stipite
629 1745 770 1811 flammis

66 1864 183 1956 Donec
208 1883 288 1930 aues
309 1863 394 1930 facte
415 1864 580 1946 petierunt
604 1883 683 1931 acra
702 1863 840 1944 pannis.

67 1983 121 2048 Sic
145 1983 246 2050 etiarn
268 1982 421 2048 Heliades
443 1983 603 2048 fleuerunt
626 1982 741 2048 lunera
762 1982 870 2048 fratris

67 2101 131 2180 Qui
156 2101 259 2183 patris
282 2121 436 2168 excussus
455 2101 622 2184 quadrigis
643 2121 767 2183 pronus
790 2101 825 2170 in
847 2101 952 2169 vadas

67 2221 198 2288 Decidit
220 2223 253 2284 et
274 2221 397 2302 pauido
419 2240 541 2310 nomen
563 2225 660 2287 vocat
682 2240 739 2286 cre
760 2224 935 2302 paternum

19 2359 42 2398 u
67 2340 166 2406 Nunc
194 2340 453 2422 stanlpopulee
474 2343 659 2422 spectantes
681 2339 820 2407 flumina
841 2341 982 2410 rondes.

67 2459 153 2524 Fare
171 2478 231 2540 age
249 2479 313 2541 que
325 2461 419 2524 tanta
435 2463 483 2524 cst
501 2459 734 2526 lachrimarurn
752 2465 997 2528 sanctuarum
1060 2437 1061 2442 ἵ

68 2578 259 2660 Comprime
280 2578 441 2662 singultus
464 2579 596 2659 altoque
619 2581 792 2660 apertura
815 2579 931 2646 ductos

67 2697 183 2762 Infelix
207 2698 345 2779 gemitus
359 2746 366 2760 .
379 2701 412 2762 et
433 2697 580 2778 linguam
601 2717 681 2762 voce
702 2697 829 2765 resoluc

68 2817 156 2881 Nam
189 2816 294 2897 magis
327 2820 375 2880 est
409 2815 556 2894 animum
590 2817 737 2882 clausum
770 2817 831 2882 sub
863 2819 994 2898 pectora
1012 2818 1080 2897 Est:
1097 2818 1124 2867 id
1160 2826 1198 2898 ,est
1225 2805 1300 2868 adit·

790 2936 908 3002 vulnus
1013 2893 1303 3004 cruciat.vr1tt.c0usqs

922 2984 936 3002 ιν
1129 2972 1183 3006 ml.

19 3071 41 3109 2⁰
67 3055 119 3120 Fit
142 3055 351 3122 leuius.fidc
373 3055 506 3136 quando
529 3061 682 3122 narratur
703 3054 831 3122 Achate

68 3175 131 3239 Hei
156 3174 236 3239 mihi
258 3194 325 3242 non
348 3193 415 3240 vna
433 3180 482 3240 est
500 3173 715 3256 lachrimandj
734 3173 996 3242 temeratores

68 3293 156 3358 Mille
177 3296 333 3376 premunt
356 3293 503 3360 animum
517 3341 525 3356 .
537 3292 641 3362 maior
662 3312 713 3362 ms
735 3293 808 3374 ipsa
830 3292 965 3375 quercla
