2904 4330
541 423 580 488 12
855 425 1012 474 Lmentetio
1030 425 1147 474 ecclesie.
1424 431 1425 498 l

230 631 325 733 &taurin
337 613 518 729 ξῖτὲἰςτῒιαξξωνπε·
540 609 576 672 ln
607 610 726 692 quibus
755 627 853 673 omne
881 608 1007 690 nephas
1035 608 1258 690 scelerumque
1286 603 1425 689 nepheni

256 700 272 731 n
509 706 521 718 .

229 761 309 802 terum
347 749 521 814 episcoporum
1258 746 1405 808 propago

230 819 371 883 exemplum
381 816 457 867 vllum
473 820 521 868 ha·

229 889 305 937 beant
321 886 361 936 gg
376 886 521 936 incendiarii
540 845 686 914 Pn'muin
699 847 811 912 orbem
823 845 944 910 inuasit
956 847 1068 930 (modu
1086 846 1173 912 fame
1188 849 1238 910 esl
1249 847 1374 910 nuncia
1385 841 1425 906 vei

192 1038 195 1044 ,
229 965 254 1073 fi
272 955 382 1034 (ΜΨ
398 972 519 1035 ⁵²⁰l³flf¹¹
540 965 684 1047 Vtraque
706 966 769 1030 sub
790 965 876 1030 iusta
898 965 1017 1031 librato
1038 969 1189 1047 tempore
1210 963 1325 1030 lanee:

239 1033 521 1092 itterarumignanpnn·

230 1094 298 1157 cipes
329 1093 414 1170 mundi
439 1093 521 1170 petius
540 1085 612 1148 Non
636 1103 728 1148 mora
752 1082 908 1149 elamabis
931 1083 994 1149 nisi
1016 1083 1135 1148 menlis
1157 1083 1282 1148 lumine
1304 1087 1413 1165 ceptus

264 1177 338 1224 qum
363 1176 483 1224 ⁶p¹⁵⁰⁰p¹'
539 1203 567 1267 O
591 1207 675 1267 terra
700 1223 719 1267 0
742 1202 847 1268 celum
870 1203 949 1268 nihil
972 1203 1024 1268 hic
1047 1202 1162 1284 equale
1184 1202 1314 1268 videtur

537 1321 647 1386 Aurea
668 1325 746 1386 sunl
769 1325 855 1390 certe
877 1321 996 1402 quihus
1019 1322 1124 1388 indite
1146 1321 1281 1387 nomine
1303 1321 1381 1388 ferri

468 1465 495 1491 κ
537 1440 657 1504 Nostra
680 1440 737 1504 sed
760 1461 779 1504 a
802 1440 887 1505 ferro
901 1491 907 1504 .
920 1441 971 1506 vel
993 1443 1019 1505 si
1043 1441 1122 1522 quid
1145 1440 1257 1506 durius
1280 1440 1337 1506 illo
1362 1415 1425 1504 est}

537 1559 663 1624 Nomen
686 1559 810 1624 habent
823 1608 830 1622 .
845 1566 922 1641 apte
944 1560 970 1624 si
993 1561 1104 1626 dende
1125 1559 1288 1625 vocabule
1310 1561 1416 1624 rebus.

464 1715 487 1742 ι.
537 1677 676 1743 Exilium
698 1678 801 1742 virtus
824 1679 971 1758 queritur
984 1729 990 1742 .
1003 1679 1140 1760 vestigia
1161 1697 1237 1744 rere

537 1797 624 1860 illius
646 1797 679 1859 in
702 1800 772 1860 tolo
795 1797 845 1860 vel
867 1797 958 1861 nulle
980 1798 1105 1862 videbis
1127 1797 1161 1863 in
1184 1797 1284 1863 orbe.

536 1915 630 1979 Victa
652 1915 736 1979 iacet
757 1916 862 1997 pietas
876 1965 883 1980 .
897 1915 984 1980 celos
1007 1916 1126 1982 Astrea
1147 1917 1265 1998 petiuit

227 2047 318 2125 Exulat
344 2049 425 2100 omnis
450 2065 519 2099 reue·
538 2033 653 2098 Nullus
676 2053 769 2098 amur
791 2035 897 2116 patrie
919 2036 1102 2100 reuerentia
1124 2035 1214 2102 nulla
1236 2041 1407 2118 parentum

228 2123 307 2166 renna
331 2123 404 2180 atqu*
427 2118 515 2180 ΡΜ·
536 2152 588 2215 Nil
611 2153 713 2218 defert
736 2172 819 2218 cano
842 2153 1082 2219 iuuenis.nihil
1105 2154 1176 2236 ipse
1196 2155 1357 2236 magistro

535 2270 676 2337 Auditor
698 2272 790 2336 cuius
814 2272 962 2338 dueiiine
984 2277 1118 2355 pectore
1140 2277 1255 2339 sancte

536 2390 705 2455 Exatielus
728 2391 829 2456 habel
851 2392 977 2474 peeude
998 2394 1033 2456 vl
1055 2393 1097 2456 sil
1119 2393 1249 2473 dignior
1270 2393 1344 2475 ipse

537 2508 596 2573 Cui
619 2509 778 2574 sermonis
801 2529 896 2591 opem
918 2516 1039 2575 natura
1061 2513 1194 2594 negauit
1217 2515 1250 2576 et
1272 2532 1393 2576 usum.

226 2629 352 2678 Bellorum
383 2629 450 2678 orbis
479 2623 524 2676 esu
536 2628 620 2706 Quid
644 2629 685 2692 de
708 2648 788 2710 paee
811 2629 926 2710 loquer
939 2679 946 2692 .
960 2649 1026 2712 que
1047 2631 1093 2694 nil
1115 2632 1315 2714 prestantius
1341 2628 1424 2708 orbi}

227 2697 517 2832 plililllnplllliesesslevsla
535 2747 665 2814 Donum
689 2747 777 2812 aliud
800 2748 868 2812 celo
891 2749 1069 2816 demissum
1091 2769 1225 2814 munere
1248 2751 1384 2816 diuum.

533 2866 690 2948 Nunquid
714 2870 746 2930 et
768 2866 822 2930 ille
845 2868 912 2930 suis
935 2868 1059 2931 sociale
1081 2869 1248 2934 sororibus
1262 2919 1268 2933 .
1281 2875 1357 2934 alro
1423 2853 1424 2870 ¹

428 2997 430 3002 '
533 2985 672 3049 Puluere
695 3005 810 3066 spensa
833 2990 932 3067 capul
953 2986 1071 3070 pugnis
1095 2992 1126 3051 el
1149 2992 1284 3069 pectora
1306 2992 1402 3052 tunsa

534 3104 668 3186 (iegitur
690 3105 736 3168 ire
759 3123 868 3168 comes
882 3153 888 3167 .
901 3108 1038 3186 totoque
1063 3107 1162 3191 [esse]
1187 3107 1261 3171 exul
1284 3107 1318 3171 in
1343 3107 1410 3172 orbe

429 3309 432 3317 V
533 3222 574 3286 ut
597 3242 662 3305 qua
685 3226 772 3288 terre
794 3222 877 3288 iacet
900 3223 1040 3303 gelidam
1063 3224 1181 3290 diffusa
1203 3226 1266 3290 sub
1289 3231 1400 3290 arcion

533 3342 573 3405 Et
596 3361 661 3424 que
693 3341 879 3408 nubiferum
902 3361 936 3424 se
958 3343 1075 3424 pendit
1101 3363 1214 3409 rursus
1243 3345 1423 3410 ad'austnn
