2904 4330
316 413 473 465 Laineotetio
491 414 607 466 ecclesie.

23 617 160 680 pergere
182 616 240 679 per
263 597 372 666 caulae
395 598 498 666 diuini
520 598 646 664 semine
668 597 757 664 verbi

26 717 103 822 nior
125 715 274 782 doctrina
296 717 427 798 reliquis
441 717 566 784 ,1111111
588 716 719 798 pietatis

23 835 115 900 fficio
128 883 136 900 .
148 835 259 916 vigilet
280 836 360 903 dum
383 835 505 904 eredita
526 835 625 904 turba
646 834 753 902 silenti

23 958 103 1018 oete
125 954 327 1020 iacet.duloi
349 974 410 1018 sua
431 935 557 1018 lurnina
579 954 664 1017 viola
686 971 804 1034 sopore

22 1077 123 1138 noent
144 1073 284 1139 innocue
305 1073 372 1141 vite
393 1077 427 1138 ot
447 1092 577 1138 morum
599 1071 785 1152 integritate
850 1069 854 1077 “

22 1212 73 1256 on
97 1192 217 1260 vitreas
239 1191 375 1261 miretur
397 1211 476 1274 opes
491 1190 650 1260 ‚ludibria
673 1190 769 1254 sortis

23 1309 161 1390 mbigne
174 1358 181 1374 .
194 1309 305 1392 spinas
328 1330 411 1392 qnos
433 1309 581 1378 Christus
603 1308 739 1392 protulit
761 1327 816 1372 ore
956 1313 1020 1432 ἓξὲξ
1039 1312 1091 1432 {iiiii

21 1429 128 1493 aletur
149 1433 271 1496 mestos
284 1429 405 1494 ,facilis
427 1432 594 1494 succurrat
616 1428 726 1510 egenis
957 1417 1095 1502 Luceeiii'.

23 1567 140 1612 mnem
162 1547 359 1616 submoueat
380 1548 470 1614 litem
492 1551 673 1629 natumque
695 1547 873 1614 tumultum

20 1666 172 1747 ordoque
194 1671 387 1734 cunctorum
408 1666 552 1733 fraterno
574 1685 654 1747 paee
676 1665 789 1747 ligabit

20 1789 151 1866 rotegel
173 1785 333 1852 innocuos
355 1789 528 1867 peccantes
552 1785 688 1866 corriget
710 1785 780 1867 ipse

20 1908 36 1968 t
61 1903 150 1967 mitis
173 1904 407 1972 Genitor.non
430 1904 499 1968 seui
521 1922 612 1972 more
633 1903 770 1970 Tiranni

19 2024 44 2086 it
69 2023 183 2103 procul
205 2043 225 2094 a
247 2022 335 2092 tastu
348 2071 356 2086 .
369 2029 487 2104 questu
510 2023 606 2090 simul
628 2023 807 2090 ambitione

948 1652 1114 1731 Conditionee
1128 1652 1188 1700 boni

1003 1736 1125 1785 ep1scop1.

19 2147 35 2205 t
60 2161 96 2205 se
118 2142 453 2228 mortalemneonon
476 2141 595 2222 quibus
618 2142 758 2224 imperat
779 2142 848 2224 ipse

21 2261 128 2341 ogitet
150 2280 221 2326 esse
243 2261 392 2327 homines
411 2309 418 2323 .
436 2279 504 2327 non
525 2264 619 2324 inuia
641 2261 796 2328 animalia
817 2262 922 2328 ventri

19 2380 116 2446 odila
130 2428 137 2442 .
150 2399 214 2460 que
237 2379 329 2448 vultu
351 2382 533 2461 pascuntur
556 2379 704 2459 gramina
725 2399 851 2460 prono.

20 2518 107 2563 ausa
130 2499 244 2565 ouium
267 2498 363 2565 debet
385 2501 486 2580 eaput
508 2497 672 2564 obiectare
693 2497 820 2579 periclis

19 2619 128 2684 'edum
150 2617 361 2684 fortunae.si
382 2637 434 2680 res
456 2616 503 2680 ita
525 2616 800 2698 postulet.atque

20 2755 216 2804 ommonem
240 2739 465 2817 spectet.non
489 2754 553 2815 que
575 2735 706 2817 priuata
719 2784 726 2798 .
739 2735 878 2803 salutem

19 2856 61 2920 ed
86 2857 208 2935 quotus
231 2855 290 2920 heo
318 2858 445 2937 prestat
466 2873 555 2920 nuno
573 2858 644 2918 tolo
661 2854 771 2935 presul
788 2855 822 2918 in
840 2855 919 2920 orbe
937 2851 1003 2906 Ram
1016 2858 1070 2906 auis
1081 2858 1229 2910 christianus
1272 2871 1291 2890 ·

19 2976 149 3042 ,duersa
170 2973 279 3054 potius
304 2973 376 3054 quis
398 2993 466 3040 non
489 2993 528 3040 ex
550 2976 645 3054 perte
667 2972 817 3040 labente
846 2999 857 3012 -
939 2934 964 2976 et
981 2924 1061 2978 b⁰ffl¹⁵
1085 2940 1227 2990 episcopus,

19 3094 59 3157 *ui
72 3096 204 3174 gestant
215 3092 346 3160 mitram
358 3092 452 3176 (mihi
464 3093 571 3178 crede)
584 3092 617 3158 in
629 3091 736 3160 fronte
754 3091 921 3161 bicornem

19 3218 108 3293 ,tque
125 3211 247 3292 pedum
266 3260 274 3274 .
291 3211 418 3292 argenti
435 3211 525 3292 quod
542 3210 663 3278 lamina
680 3209 777 3277 vestit
795 3215 828 3278 et
849 3211 921 3278 auri

22 3332 146 3410 eoique
169 3349 252 3410 quos
276 3333 362 3396 certe
384 3330 514 3410 procule
532 3377 539 3393 .
557 3330 638 3394 ritus
662 3333 695 3396 et
716 3329 855 3398 amictus

690 3448 722 3500 ᾖ*
