2984 4256
365 437 523 488 Lamentatio
541 440 656 489 ecclesie.
934 435 975 499 25

56 624 112 684 aut
148 625 266 704 suopte
303 623 527 688 incitabantur
565 623 676 688 animo
723 625 782 687 aut
820 621 976 704 exemplis

54 738 277 806 inuitabantur
320 741 415 806 Nunc
430 762 509 806 vero
527 743 591 806 huc
610 743 787 824 adiguntur
803 741 975 806 hominum

54 859 347 924 constitutiunculis
381 881 423 924 ne
456 861 563 926 dicam
595 862 784 944 prescriptis
817 859 973 926 doctrinis
991 861 1045 910 Mat
1066 877 1099 911 xv
1116 861 1191 912 Esaia
1215 862 1284 912 nix*

53 980 86 1041 et
105 979 336 1044 traditionibus
360 979 479 1062 quibus
506 981 626 1045 frustra
649 985 735 1045 certe
758 981 873 1045 colitur
894 979 975 1044 deus

20 1116 31 1150 ⁵
53 1095 203 1162 Studium
231 1117 309 1162 vero
336 1097 519 1164 litterarum
546 1100 636 1182 apud
663 1100 724 1164 hos
752 1103 810 1164 aut
840 1098 975 1162 omnino

52 1216 229 1281 extinctum
259 1220 309 1280 est
335 1220 394 1282 aut
416 1222 502 1282 certe
524 1219 683 1282 eiusmodi
704 1221 741 1283 vt
762 1218 843 1282 nihil
864 1215 973 1282 minus
991 1201 1286 1320 {etfdffiffimoffij

52 1354 149 1415 quam
167 1336 312 1414 studium
329 1336 512 1400 litterarum
530 1337 593 1401 dici
614 1337 719 1420 possit
733 1386 740 1401 .
752 1338 832 1402 dum
854 1335 974 1399 scilicet
1038 1338 1099 1387 nino
1117 1338 1234 1388 extincta·

51 1455 183 1520 exulant
212 1475 303 1519 sacre
331 1455 608 1538 littere.regnant
641 1458 753 1520 autem
783 1454 974 1537 prophane.

51 1576 84 1636 et
114 1594 175 1656 pro
210 1574 306 1640 bonis
347 1574 460 1638 litteris
497 1575 607 1638 locum
641 1577 806 1657 occupant
835 1572 975 1654 pessime

12 1707 26 1743 Η)
51 1711 178 1773 queque
191 1742 199 1756 .
212 1693 389 1775 sophistice
406 1693 560 1757 nimirum
578 1713 682 1775 eaque
693 1692 862 1756 dialectica
874 1710 974 1772 quam

49 1830 90 1874 ne
112 1811 183 1895 ipse
206 1811 339 1892 quidem
356 1811 549 1893 intelligeret
567 1812 757 1876 Aristoteles
771 1860 778 1874 .
791 1831 851 1892 pro
873 1809 974 1872 sacris

48 1928 108 1993 illis
137 1930 326 1995 doctoribus
348 1930 512 2012 Cypriano
534 1931 726 1995 Hieronimo
749 1929 973 1994 Chrisostonro

48 2048 233 2130 Augustino
250 2049 426 2114 Ambrosio
449 2050 547 2131 idque
571 2069 672 2131 genus
694 2049 854 2113 immenso
878 2066 973 2112 sanc-

49 2168 248 2234 tissimorum
270 2161 405 2251 patrum
427 2173 527 2252 atque
546 2169 810 2233 doctissimorum
828 2167 973 2230 virorum

14 2287 198 2368 seatuogo
231 2288 366 2369 quidam
394 2287 591 2353 Aristotelici
625 2285 804 2351 doctorculi
833 2288 974 2366 regnant

46 2405 93 2468 sic
114 2404 232 2469 trunidi
250 2406 295 2470 sic
312 2406 389 2470 elati
400 2410 437 2469 vt
453 2427 522 2470 non
540 2406 604 2471 alio
622 2426 723 2489 quam
740 2405 973 2486 magistrorum

46 2528 236 2588 nostrorum
258 2526 391 2589 nornine
412 2545 447 2589 se
465 2526 652 2608 compellari
669 2526 780 2590 sinant
823 2523 909 2600 Quid
931 2523 972 2586 de

45 2642 182 2721 ieiuniis
206 2644 350 2725 psalmis,
372 2643 498 2725 vigiliis,
522 2664 624 2726 queso
643 2644 749 2708 dicam
792 2643 835 2706 Vt
853 2647 893 2706 ‘vt
912 2643 973 2706 hec
1176 2725 1186 2732 ,Ἴ

44 2761 116 2826 illos
139 2781 260 2844 magno
283 2763 423 2828 vendere
451 2763 521 2845 pati
550 2783 647 2845 cogar
696 2762 789 2826 Certe
814 2762 904 2843 quod
926 2761 968 2824 ad
987 2748 1282 2882 ξὶᾝξΰέἱηῗξδοζῖξ

14 2881 216 2972 ltremenda
248 2881 302 2946 illa
335 2885 369 2946 et
401 2881 545 2963 corporis
578 2885 611 2945 et
644 2881 813 2962 sanguinis
844 2880 968 2944 domini
986 2892 1024 2934 tes
1033 2885 1247 2936 monachosiCor
1256 2887 1283 2936 xi

49 3000 198 3064 misteria
219 3019 296 3065 suos
319 3001 483 3065 sacrificos
505 3000 692 3082 prescriptis
714 2999 807 3082 penis
824 2999 971 3081 adigunt,

41 3139 141 3184 nemo
165 3136 312 3200 unquam
340 3119 423 3183 ferre
450 3120 571 3201 poterit
599 3119 655 3200 qui
684 3119 779 3182 nouit
807 3118 973 3199 quamsit
1047 3159 1050 3164 -

40 3238 208 3303 horrenda
240 3257 291 3301 res
325 3238 389 3303 huc
428 3238 581 3303 accedere
620 3237 690 3302 aliis
728 3238 970 3303 conditionibus

40 3377 144 3440 quam
167 3376 250 3439 quas
268 3335 456 3440 prescripsit
472 3360 544 3421 tum
556 3355 705 3420 Christus
723 3360 795 3421 tum
812 3376 870 3421 vas
890 3356 970 3422 illud
