2904 4330
528 413 568 476 10
841 415 999 466 Lamentatio
1017 415 1132 466 ecclesie.

526 600 725 681 Materiaque
747 600 854 664 minor
876 601 983 665 luctus
996 650 1003 666 .
1016 601 1043 664 si
1065 600 1152 666 mille
1174 604 1340 664 sonarent

526 719 658 800 Linguis
681 739 740 784 ora
761 719 841 784 mihi
854 770 861 784 .
874 720 1081 802 facundaque
1103 719 1187 785 Diua
1209 719 1351 784 Periclis

526 838 660 903 Sessitet
681 839 715 902 in
738 839 831 903 labiis
845 889 852 902 .
865 859 933 904 non
955 858 1139 922 consequar
1161 839 1273 903 omnia
1298 841 1404 904 verbis

525 958 668 1022 Vulnera
691 977 755 1039 que
777 958 872 1022 nohis
894 957 1041 1024 lecerunt
1063 958 1190 1024 hostica
1212 958 1279 1022 tela

526 1076 625 1140 Plura
647 1077 727 1140 mihi
748 1081 874 1142 restant
888 1127 895 1142 .
908 1097 1055 1144 summus
1078 1077 1141 1142 nisi
1162 1077 1253 1159 pacis
1272 1086 1403 1142 amator

527 1194 675 1260 Christus
698 1195 904 1279 (Olympiaca
926 1197 983 1279 qui
1004 1197 1116 1279 lapsus
1140 1196 1182 1261 ab
1205 1216 1280 1260 arce
1305 1202 1419 1280 pat-1

526 1314 665 1397 Moriger
687 1315 823 1397 imperio
845 1315 1013 1380 subIturus
1037 1315 1182 1398 tegmina
1203 1316 1316 1380 carnis

526 1434 568 1497 Vt
591 1453 693 1516 genus
715 1435 899 1499 humanum
920 1435 982 1499 sub
1004 1435 1162 1499 libertatis
1185 1434 1339 1524 habenas

525 1553 787 1618 Mitteret.vnde
809 1555 899 1637 prius
923 1554 1096 1636 deceptum
1118 1553 1408 1619 fraudessathanis

399 1699 403 1708 ·
525 1672 697 1737 Exciderat
719 1673 931 1755 paradisiacis
954 1673 1033 1737 dum
1055 1673 1136 1737 vixit
1158 1673 1192 1736 in
1214 1674 1337 1758 hortis)

526 1790 690 1856 Adueniet
712 1793 839 1857 laturus
862 1792 1110 1874 opem.tiducia
1132 1791 1222 1856 nulla

477 1955 502 1972 a
526 1910 638 1974 Rebus
661 1912 693 1974 in
717 1912 870 1976 humanis
893 1930 953 1976 nec
976 1930 1051 1993 spes
1074 1915 1123 1976 est
1144 1911 1209 1975 vlla
1231 1911 1373 1976 salutis.

526 2030 592 2095 Tot
613 2030 686 2094 fidei
710 2030 845 2095 violenti
867 2031 977 2094 hostes
1000 2029 1134 2111 seuique
1156 2029 1307 2112 Tyranni

526 2149 562 2212 ln
586 2169 658 2213 rnea
680 2149 778 2213 iurati
802 2153 992 2230 grassantur
1014 2148 1138 2212 viscera
1158 2148 1243 2212 ferro

526 2265 615 2344 Quot
637 2287 809 2350 nunquam
832 2268 913 2332 vidit
935 2287 1071 2349 campus
1092 2267 1321 2332 Marathonius
1345 2270 1412 2332 olin

526 2386 600 2450 Dux
622 2387 677 2451 vbi
699 2387 859 2452 Miltiades
882 2386 1036 2452 contriuit
1057 2388 1177 2451 robora
1199 2386 1317 2450 Xerxis

513 2506 636 2592 ¹Atque
658 2506 847 2587 triumphali
869 2506 964 2570 rediit
985 2506 1132 2569 sublimis
1150 2507 1275 2570 honore

526 2625 588 2689 Per
610 2625 817 2689 Pandioneas
840 2625 963 2706 populo
986 2625 1163 2706 plaudente
1185 2625 1331 2706 plateas.

526 2745 592 2809 Nec
614 2747 684 2808 tam
706 2744 878 2809 feruehant
900 2762 1075 2807 numeroso
1099 2743 1199 2808 milite
1222 2743 1334 2808 Canne

439 2951 440 2956 ἵ
527 2863 608 2928 Tela
629 2863 685 2926 vbi
707 2863 868 2928 Romuleo
892 2862 1026 2926 Sidonia
1048 2863 1152 2927 tincta
1175 2881 1288 2926 cruore

435 2967 439 2970 ’
527 2982 617 3076 (ΙιιιηΙ
633 2983 701 3046 fera
724 2981 888 3063 Carthago
910 3000 1019 3046 rerum
1042 2985 1141 3063 caput
1165 2981 1279 3046 ambiit
1301 3001 1388 3046 esse.

219 3106 317 3154 Alludit
330 3105 363 3154 ad
379 3093 508 3152 distortam
527 3101 613 3165 Hinc
635 3120 753 3164 manus
777 3100 896 3184 Egypti
917 3085 1008 3166 iussu
1030 3100 1211 3165 Pharaonis
1235 3100 1277 3165 ad
1298 3120 1387 3166 arma

219 3189 275 3236 quae
293 3182 333 3222 est
350 3173 431 3222 Emdi
444 3173 506 3221 xnn
528 3219 787 3301 Sanguinolenta
809 3220 884 3299 ruit,
908 3224 974 3284 stat
996 3218 1080 3283 ferro
1103 3219 1239 3300 perdere
1262 3224 1387 3300 gentem

528 3338 636 3417 Quam
659 3338 756 3419 genui
779 3338 907 3403 Christo
930 3337 1056 3403 lustrali
1078 3338 1212 3402 flumine
1234 3337 1335 3402 lotam
